4836 5488
455 675 507 742 At
529 674 678 742 vidimus
702 699 769 742 non
793 697 927 764 semper
948 675 1185 743 Domitianum
1207 697 1334 762 genero
1357 673 1542 762 Agricolae
1574 676 1703 744 favisse
1736 677 1796 744 sed
1825 684 1960 746 mortuo

296 801 413 846 socero
436 802 513 846 enm
545 779 749 865 neglexisse,
784 801 894 868 neque
927 785 1006 868 post
1028 779 1179 846 reditum
1203 803 1220 847 e
1243 780 1422 868 provincia
1444 780 1657 868 praetorium
1690 782 1800 848 ullum
1835 805 1959 849 munus

298 884 330 949 ei
352 882 565 964 attribuisse,
588 881 741 950 Nervam
764 883 984 950 consulatum
1001 907 1068 951 non
1092 883 1212 950 statim
1236 883 1297 952 sed
1318 885 1455 970 integro
1479 905 1568 951 anno
1591 885 1787 952 intermisso
1811 885 1956 968 dedisse,

297 987 485 1054 Traianum
519 986 633 1053 virum
665 986 880 1054 consularem
916 987 953 1053 in
983 1009 1088 1054 causa
1117 987 1220 1054 Marii
1242 987 1353 1055 Prisci
1388 989 1558 1056 dicentem
1595 1012 1663 1056 non
1702 989 1775 1056 sine
1809 989 1959 1056 adsensu

297 1090 450 1172 audisse,
475 1095 635 1157 senatum
658 1089 867 1156 industriam
893 1090 1041 1158 oratoris
1063 1090 1233 1159 laudasse.
1259 1091 1351 1172 Quid
1375 1090 1473 1180 quod,
1498 1091 1529 1158 si
1551 1089 1757 1158 coniecturis
1780 1090 1959 1178 indulgere

296 1193 389 1276 licet,
412 1194 598 1282 Agricolae
633 1217 758 1280 genero
782 1193 953 1262 Traianus
983 1194 1143 1284 privatus
1173 1194 1394 1262 familiariter
1423 1217 1507 1262 usus
1538 1200 1601 1262 est.
1647 1193 1746 1262 Unde
1780 1193 1869 1261 enim
1891 1195 1959 1261 nisi

298 1297 505 1364 efamiliari
528 1298 776 1366 consuetudine
800 1299 964 1386 Agricola
986 1297 1173 1364 Traianum
1196 1299 1289 1366 tanti
1313 1297 1530 1380 aestimavit,
1570 1303 1611 1365 ut
1640 1299 1782 1386 imperio
1818 1299 1959 1386 dignum

297 1389 377 1468 esse'
395 1408 551 1470 censeret
584 1402 809 1490 futurumque
840 1401 1083 1489 imperatorem
1114 1401 1297 1490 praesagio
1328 1400 1475 1490 quodam
1514 1401 1752 1468 ominaretur?
1795 1400 1893 1468 Inter
1922 1424 1958 1468 se

297 1503 386 1571 enim
410 1505 470 1594 qui
492 1528 570 1572 mox
592 1504 636 1572 ad
665 1529 813 1573 summos
844 1505 990 1573 honores
1012 1506 1162 1594 promoti
1193 1511 1284 1589 sunt,
1320 1505 1445 1587 Nerva,
1479 1505 1610 1587 Rufus,
1645 1504 1845 1586 Frontinus,
1881 1529 1958 1572 cum

295 1613 396 1695 patre
419 1609 590 1676 Traianus
615 1613 659 1690 et,
684 1609 764 1677 dum
786 1610 880 1676 inter
901 1609 1002 1676 vivos
1026 1614 1089 1691 est,
1120 1609 1287 1698 Agricola
1310 1611 1361 1678 ita
1384 1609 1549 1680 videntur
1577 1610 1752 1678 coniuncti
1773 1609 1892 1692 fuisse,
1917 1617 1959 1677 ut
1986 1645 1992 1658 =

297 1717 333 1778 et
356 1712 399 1778 ab
421 1712 558 1780 insidiis
581 1713 775 1780 delatorum
807 1718 844 1780 et
875 1713 1170 1786 coniurationibus
1200 1712 1381 1781 audacium
1411 1713 1585 1780 homiuum
1616 1717 1789 1795 caverent,
1822 1716 1958 1802 etquis

295 1816 429 1884 labenti
450 1817 593 1906 imperio
616 1818 850 1884 subventurus
874 1822 975 1898 esset,
1007 1817 1248 1885 debberarent.
1290 1816 1435 1884 Praeter
1458 1817 1594 1884 civilem
1617 1817 1788 1883 seniorum
1811 1818 1958 1906 pruden-

297 1919 382 1985 tiam
404 1920 472 1987 viri
494 1919 658 1987 militaris
680 1921 854 1990 industria
877 1927 913 1989 et
936 1921 1054 2007 vigore
1070 1943 1156 2010 opus
1172 1943 1246 1988 esse
1264 1921 1534 2003 consentiebant,
1559 1920 1699 2008 eiusque
1717 1926 1833 1987 aetate
1850 1921 1959 1989 validi

296 2029 464 2112 tantoque
487 2024 584 2092 oneri
607 2024 824 2112 suscipiendo
848 2025 952 2112 paris.
996 2024 1029 2090 A
1053 2049 1196 2114 quorum
1220 2024 1467 2092 consuetudine
1501 2047 1607 2111 gener
1629 2023 1814 2111 Agricolae
1849 2048 1958 2114 neque

296 2133 482 2216 antequam
512 2129 548 2194 in
578 2127 789 2216 provinciam
820 2128 949 2208 abiret,
985 2150 1095 2217 neque
1127 2129 1163 2195 in
1196 2131 1315 2196 urbem
1342 2151 1503 2195 reversus
1534 2127 1684 2194 Traiano
1714 2128 1835 2216 paucis
1859 2130 1959 2196 annis

295 2230 410 2298 iunior
431 2254 572 2319 prorsus
595 2231 736 2298 videtur
758 2231 977 2298 abstinuisse.
1011 2233 1108 2314 Quae
1131 2237 1174 2299 ut
1196 2240 1279 2300 sunt
1303 2233 1445 2313 incerta,
1470 2255 1547 2299 oum
1571 2232 1699 2298 maiore
1723 2232 1847 2300 saltem
1872 2233 1960 2302 veri-

296 2335 384 2401 tatis
407 2335 521 2423 specie
543 2335 777 2423 proferuntur,
802 2359 904 2424 quam
929 2357 1016 2425 quae
1040 2335 1082 2403 de
1105 2337 1325 2423 indulgentia
1345 2335 1537 2404 Domitiani
1560 2336 1699 2426 eiusque
1730 2359 1899 2424 propenso
1923 2338 1959 2404 in

296 2437 497 2526 Agricolam
531 2438 644 2506 animo
679 2438 906 2507 coniciuntur.
951 2439 1080 2528 Magna
1111 2441 1363 2528 expeditionem
1396 2439 1635 2506 Britannicam
1671 2439 1763 2528 apud
1794 2441 1956 2529 aequales

295 2541 407 2629 gloria
429 2543 595 2625 floruisse,
620 2548 661 2610 ut
673 2542 818 2609 Dionem
835 2543 994 2610 Cassium
1015 2542 1145 2626 LXVI,
1168 2546 1211 2612 20
1234 2545 1400 2627 omittam,
1425 2549 1462 2611 et
1474 2543 1714 2626 Quintilianus
1738 2549 1775 2610 et
1785 2543 1960 2611 Martialis

295 2645 460 2729 indicant,
485 2669 629 2736 quorum
652 2647 742 2713 alter
764 2670 862 2714 ursos
875 2647 1078 2714 Caledonios
1088 2647 1234 2714 Romam
1256 2649 1378 2716 missos
1401 2647 1595 2715 admiratur
1618 2647 1673 2731 (de
1697 2652 1846 2734 spectac.
1863 2648 1956 2714 9.17.

297 2751 352 2818 cll.
378 2751 507 2833 Stobbe,
539 2750 662 2818 Philol
686 2749 818 2832 XXVI,
842 2775 873 2838 p.
897 2753 948 2818 62.
973 2753 1039 2834 78),
1079 2751 1169 2818 alter
1191 2775 1282 2818 nunc
1306 2752 1375 2818 iam
1409 2751 1558 2818 insulam
1581 2749 1801 2818 Britanniam
1824 2749 1960 2816 demon-

296 2859 444 2922 stratam
468 2876 542 2922 esse
565 2849 699 2937 v11‚a,
723 2856 743 2922 2
767 2852 966 2938 adnotavit,
1001 2859 1131 2944 quanto
1162 2855 1252 2922 enim
1276 2878 1352 2922 cum
1374 2855 1501 2944 plausu
1534 2853 1756 2921 decantatum
1792 2853 1960 2920 escholis

296 2964 537 3044 argumentum
561 2959 736 3025 sublatum
760 2979 833 3024 esse
858 2958 1060 3024 existimas?
1103 2957 1224 3048 Neque
1247 2958 1460 3046 imperatorii
1491 2958 1657 3048 principis
1689 2956 1789 3023 tituli
1818 2963 1961 3046 propter

296 3061 377 3128 illas
401 3062 565 3130 victorias
599 3061 721 3128 iterati
752 3061 995 3150 praetereundi
1032 3067 1122 3129 sunt.
1157 3049 1266 3130 ‘Illud
1297 3069 1414 3129 tamen
1460 3066 1607 3144 constat,
1643 3061 1736 3126 nullo
1760 3061 1959 3147 Agricolam

296 3171 376 3254 post
398 3165 549 3234 reditum
578 3165 705 3232 bonore
739 3165 903 3232 affectum
936 3188 1019 3232 esse.
1054 3164 1238 3234 Provincia
1269 3165 1508 3255 proconsulari
1538 3165 1672 3232 invitus
1703 3187 1739 3230 se
1771 3166 1960 3248 excusavit,

296 3269 423 3336 Dacico
446 3268 536 3336 bello
560 3291 627 3336 non
642 3293 749 3337 novos
772 3273 910 3336 tantum
927 3269 1031 3337 duces
1051 3270 1233 3338 sedetiam
1250 3275 1404 3338 veterem
1416 3267 1624 3357 Vespasiani
1639 3269 1795 3356 legatum
1803 3267 1959 3336 Tettium

295 3371 472 3440 Iulianum
496 3377 611 3439 aetate
635 3374 815 3462 aequalem
838 3372 1179 3459 (Tacit.hist.1,79.
1200 3373 1247 3457 ΙΙ,
1268 3376 1333 3458 85),
1365 3373 1491 3441 bellica
1515 3373 1619 3439 laude
1642 3371 1839 3438 inferiorem
1862 3395 1959 3460 prae-

296 3475 354 3542 fici
376 3498 444 3542 uon
467 3475 540 3542 sine
564 3497 687 3562 magno
712 3476 819 3543 animi
841 3477 958 3544 dolore
988 3478 1158 3564 cognovit.
1204 3476 1324 3567 Neque
1356 3477 1445 3544 falso
1468 3476 1611 3544 Tacitus
1645 3475 1838 3542 rumoribus
1862 3475 1960 3561 vulgi

296 3579 395 3646 illum
418 3577 539 3646 ducem
562 3580 656 3666 posci
676 3580 816 3646 solitum
841 3603 915 3648 esse
938 3581 1071 3663 retulit,
1096 3581 1229 3649 acerbis
1253 3581 1343 3648 enim
1364 3581 1495 3648 salibus
1513 3580 1787 3668 carminibusque
1806 3579 1957 3660 famosis,

298 3688 340 3750 ut
368 3705 458 3750 nunc
491 3681 575 3764 fere,
609 3684 744 3770 plebem
771 3683 964 3750 Romanam
994 3685 1203 3752 delectatam
1239 3707 1312 3753 esse
1346 3689 1493 3752 constat.
1542 3682 1643 3765 Quod
1677 3689 1793 3750 autem
1827 3705 1958 3749 veneno

298 3786 407 3854 soceri
429 3787 539 3854 vitam
562 3787 745 3876 abruptam
770 3810 843 3854 esse
866 3788 1015 3876 scriptor
1037 3812 1105 3856 non
1140 3788 1287 3856 credidit
1318 3788 1454 3878 quidem
1488 3786 1549 3854 sed
1586 3787 1695 3854 fuisse
1727 3785 1876 3853 tradidit
1899 3785 1958 3874 qui

297 3891 486 3971 crederent,
511 3913 579 3956 non
602 3889 870 3978 vituperandum
895 3899 957 3960 est.
1003 3891 1254 3981 Imperatorem
1276 3915 1409 3960 veneno
1432 3891 1544 3958 dando
1567 3913 1634 3956 non
1659 3890 1869 3957 abstinuisse
1891 3889 1957 3956 Dio

296 3992 445 4072 LXVII,
468 3996 499 4060 4.
524 3994 579 4061 cll.
603 3993 731 4076 LXVI,
756 3995 799 4060 20
821 3994 989 4076 narravit,
1015 4017 1054 4062 ac
1079 4001 1162 4064 sunt
1185 4020 1276 4064 nuuc
1300 4018 1433 4086 quoque
1458 3995 1544 4062 Itali
1567 3995 1602 4061 iu
1625 3994 1715 4060 tales
1746 3992 1958 4083 suspiciones

296 4097 485 4186 proclives:
509 4120 614 4164 unum
625 4097 834 4164 Franchium
852 4097 1061 4165 cardinalem
1085 4122 1103 4166 e
1126 4100 1373 4168 recentissimis
1397 4099 1561 4187 exemplis
1584 4097 1746 4164 attulisse
1770 4097 1857 4162 satis
1881 4095 1957 4162 crit.

298 4201 481 4289 Quousque
504 4201 613 4268 otium
635 4201 801 4287 Agricola
824 4202 989 4284 hauserit,
1013 4203 1210 4270 admirabili
1234 4212 1309 4271 arte
1332 4225 1439 4291 gener
1463 4202 1685 4268 adumbravit
1707 4201 1824 4288 potius
1855 4221 1957 4288 quam

297 4302 494 4392 descripsit:
519 4327 625 4371 unum
648 4305 774 4374 vellem
795 4307 924 4373 certius
942 4305 1162 4391 declarasset,
1187 4309 1276 4398 quod
1299 4308 1523 4397 pontificatus
1539 4305 1730 4373 sacerdotio
1751 4305 1957 4372 continetur.

296 4406 339 4474 A.
365 4410 454 4474 enim
477 4408 517 4476 91
542 4408 598 4475 vel
621 4409 672 4490 92,
697 4416 738 4476 ut
761 4410 802 4477 de
826 4408 985 4478 Cornelia
1008 4411 1143 4498 virgine
1166 4413 1315 4480 maxima
1338 4413 1542 4492 iudicarent,
1567 4409 1788 4477 Domitianus
1817 4411 1958 4492 rele'quos

290 4515 461 4596 pontifices
483 4513 686 4579 convocavit
710 4519 746 4581 et
769 4515 809 4582 de
833 4515 968 4581 consilii
991 4516 1165 4583 sententia
1187 4517 1302 4584 vivam
1327 4517 1466 4606 sepeliri
1489 4515 1601 4582 iussit.
1643 4513 1696 4580 Ac
1719 4512 1861 4580 Senecio
1886 4513 1958 4601 qui·

297 4615 372 4682 dem
404 4614 581 4683 Valerium
612 4616 828 4684 Licinianum
866 4619 902 4685 in
941 4619 1057 4686 eodem
1089 4621 1241 4708 periculo
1281 4645 1343 4710 pro
1378 4626 1477 4710 parte
1512 4618 1607 4686 virili
1640 4617 1810 4698 defendit,
1853 4621 1958 4705 atque

296 4741 372 4785 curn
395 4719 589 4786 confessum
612 4742 686 4786 esse
709 4743 806 4786 reum
829 4728 983 4790 maestus
1007 4725 1187 4791 nuntiaret
1207 4726 1428 4792 vehementer
1450 4723 1544 4790 haud
1569 4723 1671 4789 dubie
1693 4719 1861 4809 principis
1886 4719 1956 4784 ani·

295 4845 389 4888 mom
413 4821 674 4909 offendit(an
706 4823 768 4906 IV,
795 4824 858 4910 11).
905 4826 1030 4893 Utrum
1053 4831 1129 4894 tum
1153 4851 1285 4918 quoque
1317 4829 1377 4895 uni
1401 4850 1418 4893 e
1443 4849 1550 4915 parvo
1575 4826 1791 4893 sacerdotum
1814 4845 1955 4890 numero

1749 4932 1764 4982 3

2018 2938 2023 2969 l

2032 2773 2037 2829 l

2027 2833 2070 2911 ‘V
