4836 5488
1256 441 1276 504 6

591 644 656 710 Η11
688 644 798 732 igitur
829 645 1021 713 virtutibus
1050 645 1237 732 Agricolae
1267 647 1432 734 probatus
1465 669 1571 734 gener
1600 648 1644 714 ab
1675 671 1713 716 1ο
1744 649 1876 716 1111111
1908 655 1961 717 111
1992 656 2096 740 atque

435 752 618 836 postquam
640 771 736 816 socer
758 749 943 816 consulatu
976 749 1063 818 abiit
1093 755 1128 816 et
1158 753 1344 837 antequam
1367 750 1403 816 in
1427 751 1640 840 provinciam
1665 751 1842 838 profectus
1869 759 1932 834 est,
1955 777 2096 822 uxorem

437 850 545 917 duxit.
591 850 692 932 Quod
713 851 848 941 quando
872 851 1002 919 facturn
1026 853 1090 934 sit,
1123 853 1318 939 ambigitur.
1364 852 1485 941 Nuper
1516 854 1606 920 enim
1629 855 1849 937 Nippcrdcius
1878 858 1914 924 in
1937 859 2095 926 observa·

436 955 588 1022 tionibus
610 956 834 1045 antiquitatis
849 957 1033 1038 Romanae,
1057 979 1142 1046 quas
1166 957 1271 1024 indici
1293 957 1690 1025 lectionumIencnsium
1712 960 1932 1028 hibernarum
1954 985 1985 1030 a.
2010 963 2093 1029 1871

435 1060 624 1148 praemisit,
649 1086 680 1148 p.
713 1061 753 1127 16
776 1061 974 1148 Agricolam
997 1062 1033 1127 in
1055 1061 1169 1149 priore
1194 1060 1277 1128 anni
1305 1063 1347 1126 77
1376 1067 1477 1149 parte
1508 1062 1683 1129 consulem
1715 1065 1834 1130 statim
1866 1088 1981 1133 mense
2003 1065 2093 1132 Iulio

437 1162 588 1230 eiusdem
625 1163 707 1230 anni
738 1163 906 1232 Frontino
937 1165 972 1230 11
1001 1165 1186 1232 Britannia
1219 1165 1425 1232 successisse
1468 1165 1665 1232 contendit..
1714 1166 1838 1258 Quem,
1858 1175 1998 1236 secutus
2039 1175 2094 1236 111

437 1264 531 1332 Peter
570 1288 646 1333 cnm
690 1268 844 1335 libellum
881 1268 995 1336 Taciti
1031 1291 1061 1334 a.
1094 1269 1178 1335 1876
1218 1267 1316 1336 11111
1368 1269 1610 1336 commentario
1659 1269 1863 1338 illustravit.
1925 1271 2094 1360 Equidem

435 1391 466 1456 p.
491 1371 533 1435 25
555 1369 782 1457 plurimorum
814 1372 1021 1439 sententiam
1052 1378 1191 1440 secutus
1215 1373 1389 1439 consulem
1415 1372 1549 1440 factum
1579 1394 1653 1438 esso
1683 1395 1712 1438 a.
1738 1375 1789 1452 77,
1821 1374 1857 1440 11
1881 1375 2093 1462 provinciam

435 1493 524 1539 anno
547 1474 700 1561 proximo
721 1477 764 1541 78
787 1475 992 1542 successisse
1015 1480 1215 1542 statueram.
1260 1476 1351 1542 Item
1374 1476 1574 1561 Borptesr'as
1596 1475 1658 1558 VI,
1682 1501 1714 1565 p.
1742 1478 1784 1544 35
1800 1501 1849 1566 sq.
1873 1480 2093 1546 consulatum

434 1582 571 1662 gestum
604 1600 678 1644 esse
710 1579 888 1646 contendit
918 1601 939 1644 a
966 1579 1135 1646 Kalendis
1169 1579 1271 1646 Iuliis
1301 1603 1330 1646 a.
1364 1581 1406 1645 77
1440 1602 1549 1668 usque
1580 1579 1625 1645 11
1654 1580 1755 1648 finem
1788 1581 1886 1664 anni,
1926 1605 1955 1648 a.
1986 1584 2029 1649 78
2058 1583 2095 1648 11

433 1680 633 1767 Agricolam
656 1684 693 1748 in
714 1683 927 1771 provinciam
949 1683 1094 1750 venisse.
1141 1684 1283 1752 Scilicet
1299 1690 1373 1750 1111
1390 1685 1590 1752 consulatus
1612 1690 1795 1752 semestres
1811 1686 1920 1754 fuisse
1944 1688 2095 1775 putabat

433 1784 488 1852 vir
510 1809 671 1868 summus,
694 1809 797 1875 quam
819 1787 1013 1874 opinionem
1035 1793 1156 1874 postea
1178 1786 1230 1854 ita
1245 1788 1406 1868 mutavit,
1431 1793 1472 1853 ut
1486 1787 1566 1854 inde
1584 1809 1604 1852 a
1621 1786 1752 1854 Galbae
1776 1789 1917 1877 imperio
1943 1790 2092 1878 plerum·

434 1910 499 1975 que
533 1910 661 1956 annum
692 1889 730 1954 in
752 1894 853 1956 11111
875 1889 1042 1956 nundinia
1055 1893 1078 1974 ¹)
1122 1888 1388 1978 quadrimestris
1419 1889 1569 1957 divisum
1598 1884 1690 1971 esse,
1726 1891 1901 1959 interdum
1930 1894 1967 1960 in
1991 1895 2094 1962 unius

433 1991 591 2058 nundinii
612 1991 725 2058 locum
741 1992 821 2057 bina
833 1993 1011 2059 bimestria
1026 1993 1231 2060 successisse
1247 1992 1489 2059 arbitraretur.
1514 1992 1622 2074 Quem
1639 2016 1765 2060 morem
1782 2002 1875 2062 certe
1891 1997 1934 2064 ad
1949 1997 2093 2063 Traiani

432 2118 539 2185 usque
563 2100 714 2164 aetatem
737 2096 891 2164 valuisse
913 2097 1082 2162 chrcrcus
1111 2097 1148 2162 in
1175 2095 1378 2184 ephemerid.
1413 2095 1519 2182 epigr.
1550 2096 1585 2178 I,
1616 2122 1648 2184 p.
1683 2099 1745 2164 187
1768 2122 1840 2188 sqq.
1864 2099 1991 2167 docuit.
2039 2101 2093 2167 De

433 2222 500 2288 qua
516 2222 552 2266 re
570 2200 637 2267 etsi
650 2222 824 2288 perpauca
840 2205 1013 2288 comperta
1027 2199 1200 2281 babemus,
1218 2204 1334 2266 tamen
1349 2199 1509 2288 quoniam
1525 2200 1589 2267 illa
1604 2205 1721 2268 aetate
1736 2202 1871 2268 nullum
1887 2210 1968 2270 ante
1984 2226 2014 2269 a.
2030 2204 2090 2270 101

433 2309 564 2371 certum
605 2303 814 2371 trimestrem
846 2305 1063 2371 consulatum
1092 2303 1267 2384 novimus,
1298 2303 1416 2390 plures
1455 2309 1571 2370 autem
1612 2304 1686 2371 sive
1720 2304 1988 2393 quadrimestres
2019 2306 2093 2374 sive

431 2406 611 2474 bimestres
620 2409 662 2492 2),
694 2413 837 2474 1111111
860 2407 928 2473 viri
950 2405 1141 2472 doctissimi
1164 2405 1370 2472 auctoritati
1406 2406 1560 2488 concedo,
1602 2412 1643 2473 ut
1667 2429 1687 2472 1
1710 2408 1971 2495 quadrimestris
1993 2431 2092 2497 prae·

431 2511 625 2598 sumptione
648 2511 928 2598 proficiscendum
951 2533 1026 2578 esse
1048 2516 1176 2598 putem.
1223 2508 1289 2576 Sed
1311 2531 1354 2574 ne
1385 2509 1594 2598 sicquidem
1626 2509 1667 2576 de
1699 2511 1882 2579 consulatu
1905 2514 2092 2600 Agricolae

429 2619 557 2681 certius
581 2614 766 2704 quidquam
790 2616 960 2680 affirmare
976 2614 1059 2680 licet
1075 2635 1178 2702 quam
1194 2613 1285 2700 quod
1302 2635 1343 2678 ex
1359 2613 1663 2680 administratione
1678 2616 1874 2702 praetoriae
1891 2617 2090 2704 provinciae

432 2719 662 2807 consequitur.
709 2719 796 2785 Cum
820 2719 910 2786 enim
933 2717 1091 2783 consules
1115 2737 1144 2780 a.
1170 2717 1212 2781 77
1234 2715 1401 2782 ordinarii
1424 2715 1595 2783 Caesares
1619 2717 1759 2800 fuerint,
1793 2717 2030 2806 Vespasianus
2053 2727 2091 2786 et

428 2821 540 2902 Titus,
563 2823 664 2890 licuit
685 2822 758 2890 illis
780 2821 916 2910 quidem
939 2819 1052 2886 fasces
1071 2823 1152 2886 ante
1176 2823 1350 2912 statutum
1372 2825 1509 2907 tempus
1528 2820 1709 2907 deponere,
1735 2822 1824 2910 quod
1848 2823 1878 2887 si
1901 2822 2090 2901 admiseris,
2166 2899 2170 2908 ,

429 2926 594 3012 Agricola
616 2926 684 2992 iam
707 2925 809 3013 primi
831 2923 989 2990 nundinii
1012 2928 1164 2990 extrema
1186 2927 1287 3010 parte
1309 2922 1409 3008 fungi
1431 2923 1556 3008 potuit.
1598 2921 1689 2989 Nam
1711 2923 1752 2988 de
1776 2922 1882 2989 tertio
1905 2929 2089 3012 propterea

429 3052 498 3096 non
522 3036 575 3097 est
597 3029 687 3119 quod
706 3029 844 3116 cogites,
867 3027 1027 3115 quoniam
1049 3032 1124 3092 tum
1146 3026 1295 3113 amplius
1318 3025 1506 3092 triennium
1529 3025 1566 3090 in
1589 3024 1973 3114 provinciaAquitania
1996 3051 2089 3094 man·

429 3133 541 3201 sisset.
588 3133 660 3200 Nec
684 3133 763 3214 scio,
786 3155 848 3199 cur
876 3132 1066 3214 Wuddiupto
1097 3153 1129 3194 n.
1156 3129 1219 3195 104
1251 3151 1313 3216 pro
1347 3133 1442 3195 certo
1475 3127 1722 3209 adfirmaverit,
1756 3151 1871 3196 mense
1895 3129 2089 3218 Septembri

430 3237 604 3305 consulem
632 3235 748 3302 fuisse.
795 3234 922 3302 Utrum
945 3233 1055 3320 igitur
1078 3255 1095 3299 1
1119 3233 1252 3299 duobus
1275 3231 1452 3298 nundiniis
1477 3231 1647 3313 habuerit,
1670 3232 1840 3299 incertum
1863 3239 1925 3300 est.
1971 3234 2089 3303 Antea

429 3346 545 3407 autem
568 3339 795 3429 Aquitaniam
818 3339 929 3405 minus
952 3335 1101 3402 triennio
1124 3335 1225 3416 rexit,
1261 3342 1443 3424 postquam
1475 3334 1693 3422 alegatione
1713 3336 1903 3423 legionaris
1935 3338 2045 3405 redux
2067 3361 2089 3404 a

428 3443 642 3531 Vespasiano
666 3465 803 3510 censore
826 3441 918 3506 inter
939 3439 1104 3528 patricios
1128 3438 1286 3506 adlectus
1307 3446 1370 3506 est.
1416 3440 1469 3505 Ac
1485 3443 1680 3506 reverterat
1700 3439 1837 3527 quidem
1856 3465 1932 3508 cum
1947 3441 2086 3524 Ceriali,

428 3545 850 3632 namFrontinilegatus
873 3543 1041 3625 nonfuit,
1078 3542 1100 3608 1.
1124 3565 1150 3610 1.
1175 3549 1257 3610 1111
1281 3565 1430 3610 mensem
1453 3541 1582 3608 Maium
1615 3563 1644 3606 a.
1670 3543 1720 3624 74,
1752 3566 1817 3632 quo
1842 3544 1987 3612 Cerialis
2011 3568 2087 3611 con·

428 3649 548 3717 sulatu
571 3649 680 3716 altero
704 3647 846 3714 functus
870 3653 932 3714 111.
978 3647 1103 3735 Itaque
1127 3647 1157 3713 si
1179 3647 1258 3713 inde
1294 3647 1337 3713 ab
1359 3646 1475 3734 aliquo
1497 3645 1601 3711 huius
1632 3646 1715 3711 anni
1745 3669 1860 3712 mense
1890 3670 1951 3734 per
1978 3669 2086 3713 annos

427 3753 469 3818 75
493 3753 592 3819 1176
616 3751 851 3840 improvincia
873 3751 1050 3831 remansit,
1072 3750 1189 3838 potuit
1212 3772 1294 3816 sane
1316 3749 1354 3816 in
1376 3749 1486 3836 primo
1518 3747 1684 3815 nundinio
1719 3749 1763 3814 ad
1787 3748 2006 3816 consulatum
2029 3772 2084 3817 ac·

428 3857 557 3923 cedere.
603 3855 721 3945 Neque
755 3878 842 3941 nego
865 3856 1044 3938 Nipperdcr'
1073 3853 1227 3920 rationes
1261 3877 1337 3920 oum
1360 3851 1474 3919 Taciti
1508 3851 1707 3917 narratione
1738 3851 1860 3917 melius
1892 3853 2086 3935 convenire,

428 3957 615 4026 secundum
637 3981 739 4047 quam
762 3958 969 4044 Agricolam,
993 3957 1061 4023 iam
1085 3980 1162 4022 cum
1194 3979 1236 4023 ex
1258 3954 1453 4044 Aquitania
1482 3953 1699 4035 abscedebat,
1732 3954 1937 4022 Britanniae
1971 3956 2086 4045 opinio

428 4063 664 4130 comitabatur.
711 4063 785 4130 Hoc
808 4086 940 4152 quoque
963 4063 1097 4130 accedit
1120 4061 1371 4151 percommode,
1396 4061 1486 4149 quod
1507 4059 1699 4126 Frontinus
1724 4058 1863 4124 solitum
1895 4059 2086 4126 triennium

427 4189 496 4234 non
520 4167 706 4234 excessisse
728 4167 906 4254 putandus
930 4173 992 4234 est.

585 4375 607 4442 ¹)
625 4375 760 4427 Nundinia
777 4379 852 4426 recto
871 4376 982 4440 scripsit
1000 4373 1183 4428 Mommsenus
1202 4389 1216 4426 c
1235 4372 1372 4425 codicibus
1389 4375 1536 4438 praecunte
1556 4369 1729 4436 Spcubmr'o.

582 4461 606 4528 2)
626 4463 670 4512 Ι11
694 4463 747 4512 iam
772 4461 897 4513 Claudius
915 4461 1082 4527 Vespasiano
1106 4463 1261 4513 bimestrem
1287 4461 1454 4512 consulatum
1478 4459 1607 4510 attribuit
1640 4457 1761 4526 (Sueten.
1780 4459 1860 4524 Vesp.
1885 4459 1922 4526 6),
1949 4457 2086 4522 ,idemque

427 4551 546 4598 extremo
566 4563 612 4598 suo
632 4564 700 4598 anno
720 4549 854 4598 consulem
873 4549 1006 4599 neminem
1025 4549 1096 4600 nitra
1114 4564 1230 4599 mensem
1250 4563 1300 4612 quo
1321 4547 1390 4598 obiit
1407 4548 1425 4598 1.
1444 4562 1466 4596 c.
1486 4545 1628 4596 Octobrem
1647 4545 1800 4608 designavit
1820 4544 1905 4613 (Suet.
1920 4543 2085 4610 61111.46);

425 4635 518 4698 itaque
537 4635 642 4699 aliquot
660 4635 782 4686 consulas
802 4637 859 4686 sive
878 4634 1086 4699 quadrimestres
1111 4635 1176 4697 sive,
1203 4633 1272 4700 quod
1292 4632 1382 4684 codem
1402 4633 1480 4693 redit,
1505 4632 1647 4683 bimestres
1666 4632 1776 4682 creavit.
1815 4633 1976 4682 trimestres
1994 4631 2083 4678 autem

426 4722 478 4772 iam
498 4736 513 4771 a
532 4721 646 4772 Caesare
664 4721 786 4772 instituti
805 4719 925 4789 (Sueten.
946 4723 1020 4772 Caes.
1041 4719 1094 4787 76),
1114 4723 1148 4772 ab
1166 4721 1290 4784 Augusto
1308 4720 1421 4786 repetiti
1440 4718 1488 4785 (id.
1505 4716 1574 4780 Aug.
1589 4717 1642 4784 26),
1663 4717 1744 4768 etiam
1763 4731 1779 4767 1
1799 4716 1907 4768 Tiberio
1926 4717 1997 4766 inter
2016 4715 2087 4765 aiios

426 4805 497 4856 haud
515 4805 595 4858 dubie
614 4821 808 4872 nonnumquam
825 4806 883 4858 dati
902 4810 965 4858 sunt
983 4807 1046 4875 (Dio
1064 4807 1162 4868 LVIII,
1182 4807 1236 4874 20).
1254 4805 1388 4858 Lodorum
1407 4807 1527 4869 sumptus
1545 4803 1760 4868 respiciebantur
1778 4801 1839 4870 (Dio
1852 4803 1905 4863 LX,
1924 4799 1980 4868 27).
