4836 5488
1111 451 1151 518 21

304 681 326 724 u
349 656 477 724 Nerone
505 654 729 725 inchoaverat
761 657 821 747 qui
850 657 919 723 iam
950 679 971 722 0
1002 657 1122 727 multis
1153 659 1361 745 legebantur
1390 655 1491 742 (Plin.
1516 655 1559 738 V,
1582 657 1632 741 b),
1667 662 1789 746 postea
1810 655 1962 724 Titinius

306 759 430 848 Capito
453 764 556 828 esitus
577 761 753 827 illustrium
775 763 918 827 uirorum
941 761 1019 846 (sub
1042 760 1254 847 Domitiano)
1277 759 1449 840 recitavit,
1473 781 1573 848 quem
1588 759 1714 826 librum
1729 758 1864 826 Plinius
1888 783 1964 827 cum

299 864 502 947 funebribus·
523 864 761 931 laudationibus
787 863 867 930 dum
893 869 1072 951 comparat
1103 887 1229 950 genere
1261 864 1436 932 diversum
1463 883 1536 930 esse
1569 861 1721 929 ostendit
1758 861 1872 949 (VIII,
1896 863 1963 945 12),

305 967 455 1034 Plinium
479 967 590 1055 ipsum
613 965 657 1034 ad
678 965 858 1033 historiam
882 965 1095 1034 scribendam
1122 967 1327 1034 adhortatus
1350 967 1406 1054 (V,
1419 967 1463 1049 8).
1507 963 1576 1046 Qui
1598 964 1678 1030 libri
1694 988 1809 1033 ornnes
1824 971 1965 1054 praeter

304 1069 487 1138 Saturnini
508 1069 688 1137 historiam
710 1069 844 1158 aliquot
859 1069 959 1136 annis
976 1068 1094 1158 primis
1106 1069 1220 1138 Taciti
1242 1068 1369 1138 libellis
1384 1067 1593 1136 recentiores
1616 1068 1769 1152 fuerunt,
1793 1091 1832 1134 00
1850 1068 1964 1136 1100010

305 1193 351 1240 011
374 1172 471 1240 illins
486 1172 596 1260 gloria
619 1172 773 1240 excitati.

462 1395 606 1464 Nullum
628 1401 745 1463 autem
767 1419 877 1482 genus
900 1395 985 1462 vitis
1009 1395 1181 1463 clarorum
1203 1395 1376 1463 hominum
1411 1399 1448 1462 et
1469 1395 1737 1484 propinquorum
1761 1393 1965 1480 conscriptis

306 1501 523 1589 frequentius
546 1499 625 1581 fuit,
649 1499 783 1566 nullum
806 1497 957 1567 moribus
979 1499 1211 1567 Romanorum
1233 1499 1363 1586 aptius.
1394 1498 1483 1567 Nam
1506 1498 1680 1566 habebant
1709 1503 1791 1566 sane
1820 1497 1857 1564 id
1889 1519 1966 1564 cum

306 1603 565 1672 laudationibus
589 1603 791 1670 funebribus
815 1625 1000 1685 commune,
1025 1608 1066 1670 ut
1088 1602 1132 1670 ad
1155 1626 1263 1690 genus
1285 1602 1504 1669 laudativum
1536 1600 1626 1690 quod
1655 1601 1691 1668 in
1723 1607 1799 1668 arte
1830 1599 1965 1668 dicendi

305 1706 461 1774 iudiciali
484 1712 520 1773 et
543 1706 730 1774 contionali
752 1705 953 1786 addebatur,
978 1729 1082 1795 prope
1105 1707 1317 1774 accederent.
1343 1704 1430 1773 Cum
1447 1705 1536 1772 enim
1552 1705 1620 1771 iam
1636 1705 1672 1771 in
1688 1704 1814 1772 scholis
1831 1706 1965 1773 lundene

305 1813 413 1878 cleros
446 1820 475 1878 et
508 1815 689 1894 uituperare
723 1812 884 1893 improbos
918 1809 1121 1877 didicissent
1165 1808 1327 1891 (Quintil.
1362 1809 1410 1891 ΙΙ,
1445 1811 1476 1891 4,
1513 1809 1588 1892 20),
1637 1831 1739 1875 unam
1774 1809 1965 1876 alteramve

307 1915 473 1983 rationem
497 1913 533 1980 in
555 1914 653 1981 libris
684 1913 937 1981 conscribendis
967 1913 1078 1980 secuti
1100 1919 1193 1995 sunt,
1227 1935 1328 2002 saepe
1360 1918 1552 2002 utramque,
1583 1917 1625 1979 nt
1647 1911 1830 1994 Ciceronis,
1854 1911 1966 1995 Fadii,

306 2017 458 2085 Munatii
469 2016 595 2085 Catoni
610 2017 773 2085 Metellus
795 2017 918 2105 Scipio,
940 2015 1078 2097 Caesar,
1103 2015 1325 2098 Octavianus,
1338 2016 1486 2098 Hirtius,
1510 2021 1632 2104 postea
1643 2014 1781 2082 Rustici
1793 2014 1967 2083 Thraseae

307 2128 343 2190 01
362 2120 558 2190 Senecionis
577 2120 739 2187 Helvidio
749 2119 914 2208 Aquilius
926 2121 1083 2205 Regulus
1106 2119 1384 2208 vituperationes
1407 2120 1670 2208 rescripserunt.
1694 2118 1852 2187 Porciam
1862 2118 1967 2189 Bruti

307 2225 435 2308 Cicera,
458 2225 581 2306 Varro,
605 2223 741 2290 Lollius
762 2222 961 2304 laudarunt,
985 2246 1106 2290 rursus
1119 2223 1302 2291 Caesarem
1326 2223 1559 2312 peculiaribus
1575 2223 1703 2290 libellis
1719 2223 1969 2312 impugnarunt

305 2329 429 2410 Varro,
452 2327 569 2409 Curio,
592 2325 750 2394 Caecina.
785 2325 905 2415 Neque
928 2331 1004 2393 tum
1027 2331 1175 2409 tantum,
1208 2349 1284 2393 011111
1307 2328 1425 2393 nobilis
1448 2330 1551 2394 virtut
1579 2325 1742 2394 laudibus
1765 2327 1870 2414 digna
1893 2351 1968 2396 esse

305 2430 497 2512 videbatur,
534 2429 678 2496 eundem
699 2429 861 2497 honorem
886 2429 1031 2496 mortuis
1054 2429 1163 2496 tribui
1187 2429 1352 2510 videmus,
1384 2429 1486 2496 immo
1510 2429 1641 2497 Seneca
1663 2429 1808 2519 Polybio
1830 2431 1867 2498 in
1891 2454 1969 2498 con·

305 2533 553 2600 0010137111οο
569 2533 693 2600 suadet
709 2538 750 2599 111
766 2532 890 2600 fratris
905 2533 1033 2600 mortui
1053 2533 1161 2599 vitam
1177 2533 1316 2614 scribat,
1336 2532 1487 2598 Anteius
1495 2532 1625 2600 Ostorii
1637 2531 1807 2620 Scapulae
1824 2535 1969 2602 iunioris

306 2637 408 2706 amici
420 2637 530 2704 vitam
545 2636 750 2724 conscripsit
762 2636 854 2722 (Tae.
869 2659 946 2702 ann.
958 2634 1053 2718 XVI,
1068 2638 1132 2721 14),
1146 2636 1286 2704 Plinius
1301 2637 1409 2703 maior
1421 2635 1756 2724 PomponiiSecundi
1767 2637 1968 2722 (Pirama),

305 2741 418 2808 Iulius
436 2739 614 2808 Secundus
626 2739 710 2806 Iulii
718 2738 877 2807 Africani
901 2739 1083 2826 (1111014),
1111 2740 1280 2808 Claudius
1298 2740 1409 2808 Pollio
1431 2740 1540 2806 Annii
1556 2740 1659 2807 Bassi
1682 2740 1782 2826 (Plin.
1800 2741 1881 2825 VII,
1901 2743 1968 2826 31),

304 2844 439 2912 Plinius
456 2845 592 2913 iuvenis
601 2843 711 2912 Cottii
726 2842 808 2930 (ΙΙΙ,
820 2842 972 2930 10[111001
979 2842 1162 2925 Quintiani
1179 2845 1288 2912 vitam
1310 2843 1512 2931 cogitatIX,
1524 2844 1583 2928 91),
1600 2843 1757 2929 Regulus
1773 2844 1837 2912 tilii
1852 2846 1910 2932 (id.
1921 2847 1970 2930 ΙΙ,

308 2951 359 3018 20.
377 2949 438 3032 IV,
455 2953 486 3016 2.
502 2949 654 3016 Martial.
672 2947 733 3028 VI,
750 2949 815 3032 38).
841 2946 940 3029 Quod
955 2947 1065 3034 igitur
1081 2947 1225 3016 Tacitus
1248 2969 1363 3014 socero
1381 2947 1571 3036 praestitit,
1589 2952 1721 3014 etanta
1738 2953 1773 3015 01
1788 2955 1970 3040 postquam

310 3053 422 3120 officio
438 3051 621 3134 satisfecit,
646 3050 766 3118 multis
790 3074 811 3117 0
834 3051 955 3118 multis
980 3051 1099 3118 datum
1123 3057 1185 3118 est.
1232 3051 1306 3117 Iam
1322 3072 1404 3116 vero
1421 3049 1553 3117 bilibri
1569 3049 1613 3116 ad
1628 3049 1846 3120 laudativum
1861 3077 1971 3140 genus

309 3156 512 3223 referuntur
534 3179 555 3221 a
569 3155 746 3222 veteribus
762 3177 873 3245 neque
890 3155 1070 3222 immerito.
1110 3153 1311 3244 Sequuntur
1328 3155 1418 3220 enim
1435 3175 1493 3220 eas
1515 3153 1611 3241 leges
1634 3177 1720 3243 quas
1743 3155 1779 3221 in
1801 3155 1971 3223 laudatio·

308 3258 411 3323 nibus
434 3259 596 3326 oratoriis
619 3259 851 3328 observandas
874 3282 949 3326 esse
964 3258 1204 3341 Quintilianus
1227 3257 1327 3326 docet
1339 3257 1406 3340 111,
1425 3259 1454 3340 7,
1480 3257 1521 3324 10
1533 3280 1604 3346 sqq.
1631 3259 1729 3326 Alios
1751 3263 1834 3326 enirn
1856 3263 1971 3326 uelutis

308 3361 430 3446 gradus
443 3351 446 3358 ’
451 3369 675 3445 posueruntque
706 3386 814 3429 rerunt
843 3365 987 3430 ordinem
1017 3366 1107 3446 sequi
1129 3361 1209 3430 vult
1231 3363 1455 3443 laudatorem,
1489 3363 1573 3428 ulios
1604 3365 1639 3427 in
1668 3365 1792 3446 species
1820 3367 1971 3430 uirtutum

311 3465 452 3531 diuidere
476 3465 609 3530 lundene.
656 3465 849 3555 Utrumque
882 3467 1018 3533 modum
1050 3466 1305 3534 coniunxerunt
1335 3465 1395 3554 qui
1432 3488 1499 3532 non
1531 3463 1730 3546 orationem,
1770 3465 1831 3532 sed
1862 3467 1972 3533 vitam

311 3567 533 3655 scripserunt,
565 3568 663 3635 cuius
685 3570 821 3655 generis
854 3576 995 3658 praeter
1026 3569 1183 3636 libellum
1216 3575 1373 3636 nostrum
1407 3568 1573 3657 optimum
1615 3568 1790 3656 exemplar
1823 3568 1972 3656 legimus

260 3703 263 3710 »
311 3671 552 3760 Xenophontis
568 3671 780 3758 Agesilaum,
805 3697 822 3740 e
839 3673 1003 3740 Romanis
1020 3673 1246 3762 scriptoribus
1257 3671 1410 3739 Cornelii
1418 3671 1563 3760 Nepotis
1579 3673 1748 3753 Atticum,
1773 3671 1906 3760 siquae
1930 3673 1972 3740 de

311 3775 384 3841 situ
407 3773 610 3842 Britanniae
634 3781 823 3843 narrantur
846 3777 1027 3868 exceperis,
1064 3776 1275 3843 simillimum
1299 3775 1422 3842 Taciti.
1468 3776 1502 3840 A
1531 3775 1683 3864 pueritia
1705 3781 1741 3841 et
1769 3765 1973 3863 parentibus

312 3900 412 3944 orsus
447 3901 554 3967 usque
588 3879 633 3946 ad
667 3885 772 3968 caput
805 3880 972 3946 decimum
1005 3903 1093 3968 quae
1127 3880 1238 3966 egerit
1272 3901 1427 3968 quaeque
1461 3878 1614 3966 pericula
1650 3877 1797 3946 subierit
1817 3878 1973 3962 Atticus,

313 3987 463 4064 enarrat,
488 3983 539 4049 ita
562 3989 604 4049 ut
623 3983 728 4050 etiam
752 4004 773 4049 a
795 3985 1052 4071 vituperatione
1077 3983 1242 4051 defendat
1262 3984 1317 4049 his
1341 3983 1454 4050 verbis
1477 4005 1565 4071 quae
1589 4005 1666 4048 011111
1679 3981 1863 4067 Agricolae
1886 3983 1973 4050 042

313 4084 417 4150 velim
443 4093 701 4174 comparentur:
736 4111 756 4154 o
778 4089 942 4154 nonnullis
965 4090 1170 4172 optimatibus
1192 4087 1484 4169 reprehendebatur,
1509 4087 1592 4169 quod
1603 4109 1724 4168 porum
1744 4087 1849 4153 odisse
1871 4089 1974 4154 malos

313 4191 396 4254 ciues
419 4190 586 4256 uideretur.
633 4188 766 4259 Deinde
790 4215 811 4258 a
834 4215 860 4258 c.
886 4193 928 4260 10
959 4192 1115 4278 singulas
1139 4192 1290 4258 virtutes
1313 4190 1428 4257 Attici
1461 4195 1648 4270 enumerat,
1685 4189 1726 4256 de
1755 4190 1878 4278 quibus
1909 4191 1976 4258 ele·

314 4291 457 4376 gentius
481 4291 623 4359 Tacitus
647 4294 800 4383 disperse
822 4317 862 4362 ac
887 4295 1012 4362 diffuse
1034 4295 1172 4362 loeutus
1196 4299 1266 4378 est,
1299 4299 1472 4382 postremo
1505 4293 1667 4380 adsurgit
1688 4292 1834 4382 Nepotis
1865 4317 1976 4363 sermo

314 4394 358 4462 ad
380 4395 563 4483 imaginem
587 4398 708 4464 mortis
730 4398 983 4481 illustrandam,
1006 4423 1109 4488 quam
1127 4397 1282 4465 oratione
1305 4397 1372 4463 viri
1391 4397 1638 4485 sapientissimi
1655 4403 1808 4479 exornat,
1833 4419 1977 4488 eamque

314 4498 427 4565 verbis
450 4498 571 4566 Tacito
594 4500 708 4588 dignis
731 4509 819 4568 tonte
842 4507 1128 4570 constantinensis
1159 4509 1251 4585 utque
1280 4501 1385 4567 uultus
1415 4499 1569 4567 habitam
1593 4523 1667 4567 esse
1690 4499 1810 4583 refert,
1849 4509 1884 4568 ut
1912 4523 1976 4569 nou

313 4624 353 4667 ee
374 4605 449 4682 uita,
472 4603 529 4668 sed
552 4625 590 4668 eu
612 4605 702 4669 dorne
726 4606 760 4669 in
783 4605 911 4671 domum
933 4607 1092 4673 videretur
1115 4609 1263 4690 migrare,
1295 4607 1331 4670 et
1354 4609 1438 4670 sunt
1461 4604 1566 4671 etiam
1590 4603 1661 4669 alia
1683 4603 1798 4670 Taciti
1821 4604 1975 4690 argutia-

316 4727 392 4770 rum
416 4705 553 4786 similia,
578 4707 677 4772 velut
689 4729 715 4774 e.
731 4707 789 4773 11:
812 4709 870 4774 bos
892 4711 1029 4776 molebat
1050 4711 1164 4776 ulcisci
1179 4729 1274 4792 quone
1294 4709 1447 4786 obliuisci,
1468 4707 1539 4773 alia
1557 4707 1668 4794 magis
1688 4708 1792 4774 etiam
1811 4707 1977 4775 orationis

317 4805 354 4872 111
380 4808 527 4895 speciem
546 4809 771 4893 conformata,
791 4812 891 4879 velut
910 4813 1051 4880 collatio
1068 4813 1141 4894 illa,
1161 4834 1263 4901 quam
1280 4810 1484 4878 eCieeronis
1503 4811 1657 4878 oratione
1672 4833 1735 4900 pro
1746 4809 1894 4877 Murena
1917 4811 1978 4877 02
