4836 5488
1019 391 1225 492 *a*
1317 347 1321 358 ’

287 590 432 681 solitum
455 614 530 660 esse
553 591 619 659 Dio
642 592 718 675 LX,
744 595 786 660 27
810 599 846 660 11
860 593 1099 676 Quintilianus
1112 597 1177 680 III,
1202 599 1231 680 7,
1255 599 1276 664 2
1299 597 1505 664 retulerunt.
1540 596 1626 664 'Iam
1650 602 1767 664 autem
1783 597 1951 686 Verginio

290 700 369 783 post
392 694 562 763 diutinam
585 697 821 766 valetudinem
854 721 882 765 a.
908 699 950 766 97
980 699 1052 767 1111
1076 707 1224 769 exeunte
1255 707 1390 769 mortuo
1425 700 1642 768 laudatorem
1676 706 1829 769 extremo
1852 701 1948 770 illius

288 797 373 864 anni
396 798 561 866 nundinio
585 801 768 868 consulatu
791 800 952 869 functum
976 824 1050 870 esse
1074 827 1150 872 oum
1174 804 1286 871 adhuc
1319 809 1481 871 constans
1512 803 1636 871 tulerit
1659 803 1812 872 virorum
1835 804 1951 872 docto·

289 924 366 968 rum
390 901 513 991 opinio,
551 905 746 993 nuperrime
775 905 911 972 iuvenis
935 905 1155 974 doctissimus
1179 908 1288 975 Iulius
1315 909 1445 976 Asturis
1468 907 1503 974 in
1536 907 1676 994 egregia
1706 906 1951 976 dissertatione

288 1003 465 1072 Bonnensi
486 1007 661 1093 (analecta
684 1007 851 1076 historica
882 1015 917 1076 et
949 1009 1169 1098 epigraphica
1201 1012 1299 1096 1878)
1321 1035 1353 1100 p.
1380 1011 1510 1078 17111
1541 1010 1725 1099 eodemque
1756 1010 1950 1079 firmissimo

290 1115 493 1196 argumento
516 1135 600 1178 usus
624 1112 878 1180 demonstravit
900 1113 1032 1181 Rufum
1056 1115 1160 1182 etiam
1184 1113 1266 1182 anni
1288 1113 1436 1202 proximi
1457 1113 1558 1180 initio
1593 1113 1684 1180 inter
1708 1113 1806 1182 vivos
1830 1114 1949 1182 fuisse.

288 1209 433 1280 Scilicet
454 1213 598 1280 tertium
622 1216 840 1284 consulatum
863 1217 1033 1286 Traianus
1057 1218 1179 1285 statim
1200 1223 1383 1307 postquam
1405 1217 1543 1285 Nervae
1567 1217 1756 1305 imperator
1785 1218 1951 1286 successit

288 1337 310 1380 a
333 1322 458 1384 senatu
480 1317 635 1385 delatum
654 1321 840 1402 recusavit,
864 1321 966 1410 idque
986 1346 1053 1389 non
1070 1343 1101 1392 a.
1111 1323 1162 1405 99,
1186 1320 1276 1411 quod
1301 1343 1318 1388 e
1341 1321 1455 1389 verbis
1479 1321 1603 1409 quibus
1615 1318 1749 1388 Plinius
1772 1321 1807 1387 in
1829 1343 1950 1410 paneg.

288 1419 332 1485 60
355 1419 469 1489 utitur
485 1426 634 1504 proximo
657 1445 740 1492 anuo
761 1424 799 1491 in
822 1423 976 1493 oratione
998 1447 1028 1492 a.
1041 1426 1104 1492 100
1125 1425 1246 1492 habita
1262 1425 1415 1510 colligas,
1439 1424 1500 1491 sed
1522 1446 1552 1490 a.
1575 1425 1618 1492 98
1640 1423 1794 1490 evenisse
1819 1428 1855 1492 et
1877 1425 1952 1490 uni·

289 1545 391 1590 versa
412 1526 611 1596 narratione
635 1529 842 1594 1157-60
865 1533 956 1596 1111
972 1529 1178 1618 praesertim
1199 1550 1304 1597 causa
1325 1528 1481 1610 efficitur,
1505 1533 1648 1615 propter
1670 1551 1770 1616 quam
1789 1526 1950 1595 honorem

286 1628 460 1696 Traianus
483 1651 660 1698 recusasse
683 1631 833 1714 videtur,
857 1633 946 1722 quod
970 1656 1039 1701 eum
1061 1637 1175 1701 obrem
1195 1655 1304 1718 perere
1327 1655 1390 1700 nou
1406 1639 1543 1715 poterut,
1567 1631 1710 1698 Romam
1726 1636 1842 1699 autem
1865 1653 1895 1698 a.
1908 1633 1951 1700 99

287 1731 398 1821 prima
419 1733 493 1801 fere
515 1739 651 1802 aestate
673 1735 779 1802 rediit
812 1735 997 1822 (Dimaucr,
1028 1759 1092 1804 zur
1119 1737 1328 1806 Geschichte
1348 1735 1498 1822 Trajans
1520 1759 1551 1823 p.
1577 1736 1641 1821 35).
1687 1733 1778 1804 Nam
1804 1737 1846 1804 de
1870 1759 1948 1803 con·

287 1837 409 1905 sulatu
431 1837 606 1905 ordinario
629 1861 657 1904 a.
682 1839 724 1906 99
747 1839 804 1926 agi
827 1863 854 1906 o.
879 1841 921 1906 58
944 1839 1169 1908 demonstrat.
1215 1840 1340 1907 Nescio
1362 1839 1473 1926 igitur
1508 1860 1553 1905 an
1583 1861 1652 1905 non
1674 1842 1768 1906 recte
1793 1839 1950 1906 Honorius

289 1939 334 2007 ad
355 1941 531 2026 Borqtesii
552 1942 619 2009 vol.
643 1939 726 2025 VII,
751 1966 783 2031 p.
807 1943 872 2010 456
894 1943 1083 2010 Traianum
1105 1965 1135 2032 a.
1162 1945 1205 2012 98
1226 1943 1370 2011 rediisse
1401 1939 1626 2009 contenderit.
1671 1940 1792 2030 Atqui,
1816 1940 1950 2010 Plinius

288 2044 413 2134 inquit,
444 2053 512 2112 crat
533 2049 568 2111 io
589 2053 701 2112 senatu
723 2054 770 2112 ter
793 2049 911 2128 consul,
946 2067 1016 2113 cunr
1038 2055 1071 2114 tu
1101 2053 1227 2115 tortiaco
1250 2049 1448 2114 consetutum
1470 2047 1651 2113 remeabas.
1699 2045 1768 2128 Qui
1789 2045 1826 2112 in
1848 2050 1951 2113 tanta

289 2154 344 2216 ter
366 2148 544 2216 consulum
572 2149 751 2236 paucitate
781 2173 849 2217 non
878 2149 995 2238 potnit
1024 2174 1092 2218 non
1122 2174 1196 2219 esse
1219 2149 1407 2237 Verginius
1429 2149 1553 2216 Rufus.
1598 2149 1724 2236 Itaque
1756 2169 1833 2215 eum
1856 2148 1951 2236 prin·

287 2253 399 2341 cipem
421 2273 521 2341 quem
543 2253 604 2319 ille
627 2254 814 2320 incolumem
836 2256 964 2337 reliquit
985 2255 1029 2320 eb
1052 2277 1090 2322 eo
1106 2255 1161 2323 cui
1184 2255 1221 2321 in
1239 2255 1422 2322 consulatu
1443 2276 1473 2320 a.
1487 2254 1529 2320 97
1548 2251 1681 2340 gratias
1702 2257 1844 2320 acturus
1862 2257 1949 2336 erat,

287 2355 462 2423 diversum
485 2356 696 2445 eundemque
718 2379 801 2438 esse,
831 2357 891 2446 qui
914 2357 1035 2424 statim
1058 2358 1093 2424 in
1117 2357 1234 2424 eadem
1258 2356 1410 2446 epistula
1433 2356 1645 2443 designatur,
1677 2354 1745 2423 etsi
1767 2355 1950 2422 molestum

289 2483 455 2528 essenon
477 2483 572 2546 nego,
604 2466 721 2528 tamen
751 2461 859 2527 alium
890 2483 930 2528 aa
952 2459 1082 2528 Rufum
1106 2461 1164 2528 illo
1187 2483 1277 2528 anno
1299 2483 1458 2528 summum
1474 2460 1650 2544 sasttqium
1672 2463 1792 2542 1111111
1814 2461 1951 2528 bombus

197 2619 199 2624 .
284 2588 354 2632 uon
375 2564 581 2652 implevisse,
604 2569 699 2631 recte
721 2565 763 2630 ab
775 2565 936 2632 Asbuciub
960 2564 1121 2632 contendi
1144 2564 1299 2632 concedo.
1323 2564 1475 2631 Primum
1493 2570 1609 2632 autern
1631 2585 1661 2630 a.
1680 2563 1723 2630 98
1746 2562 1949 2630 nundinium

288 2692 365 2736 cum
387 2667 561 2756 principes
584 2689 623 2734 ac
636 2667 826 2735 Frontinus
850 2667 1105 2756 occupaverint,
1130 2669 1287 2758 sequitur
1309 2668 1469 2736 Tacitum
1493 2672 1556 2735 aut
1579 2667 1689 2734 altero
1713 2671 1776 2732 aut
1798 2670 1951 2732 extremo

287 2771 453 2839 nundinio
473 2792 502 2838 a.
524 2772 566 2838 98
586 2772 760 2839 consulem
783 2771 902 2840 fuisse.
926 2771 1044 2861 Atque
1057 2778 1247 2840 extremum
1261 2797 1337 2841 cnm
1348 2772 1570 2840 mammenus
1581 2769 1697 2836 Herm.
1711 2767 1775 2849 ΠΙ,
1788 2791 1820 2856 p.
1834 2769 1885 2835 38.
1899 2769 1950 2834 90.

287 2875 433 2944 Proculo
456 2875 622 2965 Lupoque
645 2875 872 2964 probabiliter
894 2867 1139 2963 adsignaverit,
1164 2876 1196 2944 si
1218 2876 1355 2966 quidem
1377 2881 1471 2943 recte
1495 2876 1665 2942 Humerus
1688 2875 1763 2940 ium
1773 2871 1951 2956 Borqbesio

287 2979 558 3070 quadrimestres
588 2985 673 3048 tunc
704 2980 906 3048 consulatus
937 2981 1047 3050 fuisse
1074 2981 1244 3062 adfirmat,
1286 2980 1396 3048 altero
1427 2978 1506 3047 inde
1541 3001 1562 3044 a
1587 2999 1701 3046 meuse
1724 2975 1817 3042 Maio
1840 2973 1885 3041 ad
1906 2973 1949 3039 K.

288 3084 516 3172 Septembres.
561 3083 720 3172 Apparet
753 3090 814 3151 tur
841 3083 1000 3152 Tacitum
1033 3108 1102 3152 non
1140 3085 1312 3172 singulari
1339 3089 1479 3172 praeter
1510 3088 1641 3150 ceteros
1673 3079 1765 3169 apud
1798 3077 1951 3146 Nervam

287 3188 403 3274 gratia
425 3187 582 3254 floruisse
612 3192 717 3276 atque
740 3187 778 3254 in
801 3211 905 3254 cursu
927 3189 1092 3256 honorum
1114 3189 1182 3256 rite
1204 3188 1367 3255 instituto
1391 3186 1495 3275 paulo
1520 3185 1625 3253 etiam
1648 3206 1750 3275 quam
1776 3182 1952 3271 expectari

287 3290 416 3358 licebat
450 3291 562 3358 serius
596 3297 790 3379 promotum
815 3313 899 3359 esse.

445 3393 534 3460 Erat
556 3393 667 3480 igitur
689 3415 719 3460 a.
743 3395 785 3462 97
817 3395 1015 3464 consulatui
1051 3396 1264 3485 propinquus
1295 3393 1355 3462 sed
1389 3394 1484 3462 inter
1514 3391 1707 3482 praetorios
1741 3388 1952 3457 sententiam

289 3497 432 3577 ferebat,
467 3519 543 3564 cum
567 3497 788 3565 celeberrima
810 3498 853 3565 de
874 3497 1031 3566 Publicio
1056 3498 1162 3566 Certo
1192 3497 1342 3584 cognitio
1366 3498 1403 3564 in
1435 3494 1531 3564 curia
1561 3496 1698 3581 agitata
1728 3497 1790 3559 est.
1838 3490 1950 3573 Quam

288 3605 383 3668 recte
405 3599 606 3684 Borpbesius
628 3599 690 3682 VI,
724 3624 756 3688 p.
781 3601 845 3669 363
868 3607 904 3669 et
927 3602 1149 3669 Mommeeuus
1179 3601 1317 3670 bled
1347 3623 1376 3667 a.
1402 3601 1444 3668 97
1467 3599 1673 3667 retulerunt.
1718 3602 1803 3662 Nam
1827 3601 1864 3662 et
1886 3595 1950 3662 Co·

289 3703 413 3770 rellius
436 3703 561 3784 Rufus,
588 3725 687 3791 quem
710 3727 778 3772 non
801 3704 862 3772 diu
885 3710 965 3794 post
980 3704 1172 3773 Domitiani
1194 3711 1350 3792 tempora
1373 3708 1547 3771 mortuum
1571 3723 1646 3769 csse
1669 3703 1808 3767 constat
1830 3696 1949 3764 ePlin.

288 3807 317 3888 I,
342 3807 393 3888 11,
418 3806 522 3874 etiam
545 3811 620 3873 tum
646 3806 737 3874 inter
760 3809 858 3875 vivos
895 3815 972 3876 erat
1000 3808 1057 3895 (cf.
1081 3809 1143 3891 IX,
1175 3810 1226 3890 13,
1251 3810 1296 3892 6),
1335 3813 1371 3875 11
1405 3806 1555 3874 consulis
1579 3801 1753 3891 designati
1778 3801 1951 3868 mentione

289 3908 933 3982 11).131111111111.97111111111.
980 3913 1093 4003 Atqui
1125 3937 1201 3980 cum
1233 3912 1451 4000 aliquantum
1483 3908 1650 3997 temporis
1680 3907 1774 3973 inter
1807 3909 1951 3971 mortem

289 4013 466 4102 principis,
505 4013 535 4081 d.
560 4013 696 4082 XVIII.
728 4039 771 4082 m.
796 4015 891 4103 Sept.
914 4017 957 4083 96
990 4016 1207 4105 reditumque
1240 4015 1406 4083 nobilium
1437 4013 1642 4080 feminarum
1675 4010 1829 4098 elapsum
1860 4011 1953 4074 esset

288 4139 400 4205 neque
423 4139 537 4184 mense
560 4116 701 4184 Octobri
724 4117 885 4206 frequens
908 4123 1051 4185 senatus
1075 4118 1269 4199 haberetur,
1305 4124 1386 4184 ante
1415 4139 1564 4204 mensem
1587 4114 1814 4184 Nouembrem
1846 4131 1952 4178 causa

289 4219 348 4306 agi
369 4243 437 4286 non
459 4220 585 4307 potuit.
609 4220 696 4287 Tum
719 4226 835 4288 autem
858 4245 900 4289 ne
923 4223 953 4287 si
976 4222 1155 4290 bimestria
1178 4222 1314 4311 quidem
1338 4220 1506 4288 nundinia
1528 4219 1687 4299 fuissent,
1720 4217 1873 4283 consules
1895 4213 1952 4281 de·

290 4323 422 4410 signati
444 4321 509 4388 ulli
539 4322 829 4412 relinquebantur,
864 4325 1031 4392 ordinarii
1061 4325 1208 4414 proximi
1238 4324 1320 4391 anni
1353 4324 1467 4391 futuri
1496 4328 1599 4391 erant
1619 4322 1737 4390 Nerva
1767 4325 1804 4388 et
1825 4319 1950 4387 Rufus.

289 4425 416 4512 Itaque
439 4425 494 4491 die
524 4430 663 4493 tantum
686 4425 747 4494 lx
782 4451 825 4495 m.
848 4428 1004 4496 Ianuarii
1037 4451 1066 4496 a.
1091 4429 1134 4496 97
1156 4428 1329 4496 Domitius
1353 4427 1578 4517 Apollinaris,
1611 4449 1712 4517 quem
1734 4424 1870 4492 Plinius
1893 4447 1950 4513 ap·

287 4528 409 4617 pellat,
442 4529 560 4596 consul
583 4529 786 4616 designatus
818 4535 880 4598 est.
921 4529 1047 4598 Primis
1081 4538 1198 4600 antem
1228 4532 1332 4600 huius
1366 4531 1449 4599 anni
1480 4531 1654 4598 mensibus
1685 4551 1757 4596 rem
1790 4527 1825 4594 in
1857 4526 1953 4594 ouria

290 4637 406 4700 aotam
430 4655 504 4699 esse
526 4633 605 4699 inde
629 4634 861 4723 consequitur,
885 4634 975 4723 quod
997 4634 1173 4703 Mauricus
1197 4635 1298 4703 amici
1320 4636 1487 4704 ultionem
1509 4635 1603 4702 haud
1634 4633 1737 4701 dubie
1768 4631 1953 4699 adiuturus

290 4735 441 4802 nondum
464 4735 500 4801 in
523 4740 682 4802 senatum
705 4736 866 4803 redierat.
912 4736 1037 4827 Itaque
1071 4739 1101 4806 is
1125 4741 1254 4824 consul,
1284 4741 1383 4809 cuius
1413 4763 1534 4808 nomen
1564 4738 1700 4806 Plinius
1733 4735 1884 4818 reticuit,
1916 4734 1954 4802 iu
