4836 5488
1211 342 1233 408 4
1309 295 1310 298 ,

392 549 577 618 sacerdotii
598 549 862 617 candidaturam
892 548 1037 616 mediam
1066 547 1159 618 inter
1191 549 1408 618 consulatum
1431 551 1467 614 et
1499 553 1721 637 quaesturam
1741 545 1904 628 intericit,
1933 569 2052 614 verum

393 654 499 722 nobili
513 653 669 742 plerique
683 653 758 720 loco
775 651 851 719 nati
865 652 984 741 itaque
999 659 1184 741 parentum
1210 653 1326 740 gratia
1347 651 1584 732 commendati,
1610 675 1652 719 ex
1672 651 1826 740 equitum
1841 650 1960 717 liberis
1983 649 2052 718 for·
2122 647 2125 654 ’

392 763 486 825 11111
518 779 608 824 1111
630 755 813 823 Petronius
844 755 922 837 ille,
954 755 1013 823 sod
1036 756 1207 845 praefecti
1230 757 1404 845 praetorio
1428 755 1531 823 filius.
1573 754 1625 822 De
1644 753 1785 822 Valerio
1813 754 1904 822 enim
1926 753 2051 820 Flacco

392 865 521 949 (argon.
545 860 574 942 Ι,
597 861 641 946 5),
676 860 712 926 11
735 860 833 926 cuius
862 860 975 927 locum
998 859 1148 928 fortasse
1171 860 1314 929 Tacitus
1337 859 1505 928 successit
1536 862 1630 944 (1111
1652 881 1754 944 nuper
1775 862 1929 926 11111111
1952 858 2051 943 luget

394 964 633 1047 Quintilianus
655 963 697 1046 X,
723 963 752 1044 1,
776 964 840 1048 90),
866 963 954 1030 nihil
976 969 1122 1032 constat.
1156 962 1276 1054 Neque
1298 965 1358 1053 qui
1381 963 1559 1032 aclaudio
1572 963 1720 1032 Caesare
1743 962 1966 1030 nominantur
1983 961 2051 1029 Ve-

393 1067 478 1136 stini
500 1067 735 1156 procuratoris
757 1068 828 1150 filii,
864 1069 1028 1158 equibus
1051 1090 1141 1135 unus
1165 1090 1195 1135 a.
1218 1071 1262 1136 65
1291 1069 1475 1136 consulatu
1504 1069 1647 1135 functus
1671 1072 1741 1149 ost,
1775 1089 1875 1156 quem
1903 1065 2050 1154 primum

392 1172 661 1240 sacerdotiorum
708 1171 854 1258 gradum
886 1171 1004 1260 adepti
1035 1172 1123 1256 sint,
1169 1179 1323 1261 apparet.
1384 1172 1442 1240 Ad
1475 1195 1608 1239 summa
1652 1170 1800 1256 collegia
1832 1168 2050 1236 referendum

395 1299 469 1342 esse
500 1274 578 1341 inde
609 1274 849 1362 consequitur,
893 1275 983 1363 quod
1012 1281 1171 1342 senatum
1195 1276 1334 1362 rogavit
1368 1276 1556 1364 imperator
1563 1299 1570 1358 ;
1607 1298 1684 1342 cum
1718 1279 1835 1340 autem
1868 1271 2051 1359 dignitatis

394 1378 533 1446 initium
555 1377 672 1460 fuerit,
695 1378 827 1444 sodales
850 1378 967 1466 potius
990 1377 1204 1465 Augustales
1227 1379 1339 1447 factos
1372 1401 1447 1448 esse
1469 1379 1666 1469 putaverim
1700 1401 1802 1467 quam
1830 1376 1875 1442 ad
1903 1381 2052 1465 quatuor

394 1483 605 1572 amplissima
629 1483 772 1570 collegia
794 1483 971 1566 admissos,
995 1483 1165 1572 simulque
1187 1483 1224 1550 in
1247 1483 1457 1552 senatorium
1479 1483 1642 1564 ordinem,
1667 1487 1708 1551 ut
1737 1487 1900 1570 parerat
1926 1480 1963 1546 11
1985 1478 2052 1547 tali

394 1587 597 1670 sacerdotio,
620 1593 777 1675 receptos
800 1609 884 1654 essa.
927 1587 1089 1656 Ceterum
1122 1610 1210 1676 quas
1232 1586 1326 1654 Iulia
1360 1587 1457 1655 domo
1489 1592 1657 1674 regnante
1689 1587 1830 1653 valebat
1852 1583 1953 1665 ratio,
1987 1604 2051 1672 qua

395 1691 664 1759 sacerdotiorum
681 1690 858 1757 candidati
875 1691 1144 1757 nominabantur
1159 1712 1180 1756 a
1196 1691 1348 1777 collegis,
1374 1691 1702 1758 commendabantur
1717 1690 1760 1755 ab
1775 1688 2051 1776 imperatoribus,

395 1794 623 1864 commendati
646 1817 667 1860 a
690 1800 813 1861 senatu
837 1794 1057 1880 eligebantur
1090 1794 1147 1878 (ci.
1171 1794 1360 1876 Mommsen,
1384 1793 1533 1863 Staatsr.
1557 1794 1584 1871 Ι,
1619 1819 1649 1884 p.
1673 1795 1717 1861 28
1739 1816 1810 1882 sqq.
1846 1792 1930 1858 1022
1954 1793 2050 1880 sqq),

394 1905 512 1966 utrum
534 1902 655 1986 postea
678 1921 812 1987 quoque
828 1897 1018 1965 obtinuerit
1040 1921 1086 1965 11
1108 1915 1224 1964 omnes
1248 1898 1443 1966 sacerdotes
1466 1899 1680 1968 codicillares
1703 1896 1845 1978 luerint,
1868 1895 1935 1962 etsi
1957 1899 2050 1963 certo

394 2025 464 2069 non
486 2006 625 2069 constat
647 2023 686 2068 ac
701 2001 836 2068 Plinius
859 2002 1041 2069 aTraiano
1063 2008 1273 2089 auguratum
1296 2004 1353 2070 vel
1376 2003 1661 2091 septemviratum
1683 1997 2050 2091 perseuerans),

394 2110 510 2172 tamen
534 2127 639 2172 causa
661 2105 801 2172 videtur
824 2105 922 2172 nulla
944 2128 1027 2188 esse,
1052 2128 1114 2173 cur
1133 2107 1298 2196 antiquus
1322 2130 1394 2174 mos
1411 2112 1568 2175 mutatus
1599 2129 1673 2174 esse
1692 2105 1864 2185 videatur,
1886 2125 1926 2170 11
1944 2101 2050 2169 nomi-

395 2207 544 2276 nationis
568 2213 662 2276 ccrte
680 2208 754 2275 dies
777 2209 822 2276 ad
844 2214 1002 2276 senatum
1024 2210 1242 2299 potissimum
1263 2211 1404 2278 videtur
1426 2213 1599 2300 pertinere
1622 2210 1723 2297 (Plin.
1743 2233 1795 2299 ep.
1810 2209 1859 2290 Π,
1875 2209 1904 2275 1.
1927 2207 1989 2288 IV,
2005 2207 2050 2290 8).

394 2310 487 2378 Utut
509 2315 572 2392 est,
596 2313 651 2378 vis
674 2311 858 2378 sacerdotii
880 2313 1056 2380 tribuendi
1077 2337 1183 2402 penes
1214 2313 1404 2404 principem
1437 2319 1522 2381 erat.
1561 2313 1670 2381 Cuius
1701 2313 1893 2399 dignitatis,
1924 2312 2053 2400 inqua

395 2414 546 2501 collegas
570 2415 709 2482 videtur
731 2415 892 2483 habuisse
916 2414 1073 2499 Stellam,
1098 2419 1259 2486 maiorem
1284 2425 1371 2486 natu
1392 2419 1431 2485 Τ.
1456 2418 1636 2508 Aquilium
1658 2417 1852 2500 Proculum,
1877 2416 2052 2484 consulem

395 2519 458 2585 sub
482 2517 679 2585 Domitiano
714 2519 859 2604 (1111111
880 2520 981 2602 5018,
1024 2521 1240 2606 Waddc'apton
1274 2547 1305 2590 1.
1331 2524 1424 2606 113),
1470 2522 1635 2590 minorem
1665 2523 1799 2612 aliquot
1832 2522 1932 2588 annis
1955 2520 2051 2588 Pom·

394 2621 509 2710 poium
521 2621 712 2704 Falconem,
737 2624 796 2712 qui
818 2625 966 2691 111198
988 2625 1172 2692 tribunatu
1194 2625 1306 2715 plebis
1321 2625 1463 2693 iunctus
1480 2633 1535 2694 est
1557 2628 1703 2712 (Hersen
1718 2627 1812 2693 5451..
1837 2625 2053 2708 chdinpton

395 2749 427 2792 1.
453 2726 529 2810 133)
558 2727 768 2794 conscientia
790 2733 939 2794 mentem
960 2728 1107 2796 hominis
1131 2751 1346 2820 nequaquam
1369 2731 1405 2798 in
1427 2733 1530 2799 rebus
1552 2731 1679 2797 divinis
1703 2729 1835 2798 creduli
1869 2733 2052 2813 tantopere

394 2830 554 2918 implevit
576 2836 612 2897 et
634 2831 842 2918 penetravit,
866 2836 908 2898 ut
937 2833 1217 2923 quotiescumque
1241 2835 1283 2902 de
1315 2834 1530 2902 caerimoniis
1568 2838 1604 2900 11
1633 2832 1857 2919 religionibus
1890 2829 2051 2918 loquitur,

397 2955 550 2999 sermone
572 2933 696 2999 mirum
718 2933 755 3000 in
778 2935 914 3002 modum
938 2936 1095 3004 sollemni
1118 2943 1153 3004 et
1176 2938 1284 3004 sacris
1307 2937 1559 3004 accommodato
1583 2941 1707 3004 utatur
1729 2935 1786 3022 (of.
1803 2934 1918 3001 annal.
1935 2932 1982 3014 ΙΙ,
1999 2933 2052 2998 54.

396 3037 449 3117 85,
471 3035 539 3116 III,
563 3036 615 3104 58.
639 3039 690 3104 64.
715 3039 765 3104 73.
798 3037 861 3121 IV,
887 3040 936 3106 16.
961 3041 1013 3106 58.
1036 3039 1098 3123 XI,
1122 3042 1174 3107 27.
1199 3042 1248 3108 32.
1282 3040 1364 3122 XII,
1386 3040 1439 3107 42
1462 3041 1513 3108 64
1537 3039 1613 3121 XV,
1638 3042 1668 3107 7.
1692 3039 1744 3106 44.
1767 3039 1819 3106 47.
1842 3037 1923 3104 hist.
1946 3035 1976 3118 1,
2000 3035 2052 3103 62.

398 3141 445 3223 ΙΙ,
462 3142 492 3208 2.
517 3139 586 3222 ΠΙ,
603 3143 653 3207 72.
678 3141 740 3209 IV.
757 3143 822 3226 53).
854 3143 979 3233 111111
1003 3143 1110 3211 111111
1133 3167 1221 3233 quac
1244 3167 1306 3233 pro
1330 3146 1445 3214 salute
1460 3143 1651 3211 Domitiani
1673 3141 1890 3231 imperatoris
1913 3141 2053 3220 fiebant,

396 3250 555 3313 votorum
577 3245 783 3333 praesertim
814 3247 1064 3335 nuncupationi
1086 3249 1215 3335 (annal.
1239 3248 1336 3331 XVI,
1360 3251 1400 3316 21
1425 3251 1489 3338 11.)
1523 3246 1709 3338 quotannis
1731 3246 1891 3334 religiose
1915 3269 1954 3313 ao
1978 3244 2054 3313 dili·

397 3353 519 3436 genter
534 3348 687 3416 adfuisse
702 3350 880 3436 putandus
896 3356 965 3435 est;
989 3373 1099 3441 neque
1114 3352 1244 3419 minore
1267 3353 1360 3420 haud
1383 3352 1484 3421 dubie
1507 3352 1682 3420 industria
1700 3352 1928 3440 magistratus
1949 3357 2055 3438 atque

397 3453 570 3520 senatoris
594 3452 704 3520 officia
727 3459 911 3522 exsecutus
936 3461 998 3522 est.

553 3659 731 3728 Hactenus
765 3660 874 3746 igitur
896 3661 1040 3729 Tacitus
1073 3663 1110 3728 in
1135 3663 1219 3730 urbe
1242 3669 1404 3731 versatus
1427 3669 1494 3746 est,
1532 3686 1635 3752 quam
1658 3686 1704 3730 an
1726 3667 1807 3729 ante
1830 3664 2054 3751 quaesturam

398 3763 696 3850 praeter'brevem
720 3763 880 3830 militiam
910 3765 1102 3854 reliquerit,
1134 3789 1201 3833 non
1233 3771 1379 3834 constat.
1427 3767 1527 3849 Quod
1558 3767 1647 3835 enim
1681 3766 1830 3852 eleganti
1860 3763 2055 3832 coniectura

398 3866 547 3933 Haustus
578 3889 610 3954 p.
632 3865 695 3934 IX.
728 3866 913 3954 Agricolae
936 3869 1093 3936 comitem
1116 3869 1151 3935 in
1174 3870 1366 3959 Aquitania
1389 3871 1568 3959 provincia
1591 3871 1699 3938 fuisse
1726 3871 1863 3951 statuit,
1895 3867 1924 3936 si
1956 3868 2055 3935 modo

402 3968 576 4056 dialogum
599 3975 693 4036 recte
728 3971 890 4058 scriptori
913 3973 1145 4056 attribuimus,
1177 3975 1390 4064 temporibus
1419 3975 1603 4043 refellitur.
1648 3973 1701 4041 Ac
1731 3974 1889 4042 solebant
1919 3971 2057 4062 quidem

403 4071 639 4140 adolescentes
661 4073 748 4140 iuris
771 4075 975 4161 praesertim
998 4077 1104 4164 periti
1126 4084 1301 4167 tamquam
1327 4079 1589 4148 contubernales
1610 4079 1804 4164 legatorum
1824 4077 1860 4143 in
1878 4076 2057 4167 provincia

401 4175 534 4243 versari
556 4177 614 4263 (cf.
627 4177 833 4261 Marquardt,
859 4185 940 4247 rbm.
958 4179 1299 4270 Staatsverwaltung
1313 4183 1341 4266 Ι,
1365 4208 1397 4272 p.
1415 4185 1487 4251 392.
1511 4184 1700 4264 Mommsen,
1713 4181 1829 4249 Herm.
1846 4180 1907 4262 IV,
1919 4205 1950 4269 p.
1968 4181 2055 4266 123),

398 4278 487 4346 male
511 4280 603 4346 enim
619 4281 660 4348 de
676 4281 861 4349 tribunatu
875 4283 1026 4351 militum
1041 4285 1078 4352 in
1093 4285 1272 4375 provincia
1288 4308 1309 4352 a
1332 4286 1523 4372 legionibus
1538 4307 1650 4352 vacua
1672 4285 1842 4372 cogitavit
1856 4283 1911 4352 vir
1930 4283 2055 4352 doctis·

399 4383 514 4464 simus,
539 4383 598 4450 sed
622 4384 715 4451 inter
737 4408 794 4452 eos
816 4386 960 4454 Tacitus
983 4389 1041 4476 qui
1064 4411 1153 4456 anno
1174 4391 1215 4456 76
1239 4395 1394 4458 11111111
1418 4391 1459 4458 de
1482 4395 1558 4456 arte
1582 4411 1646 4456 111
1669 4389 1889 4477 disputantes
1911 4388 2055 4470 audivit,

399 4487 516 4554 eodem
538 4509 627 4555 anno
651 4511 726 4556 esse
749 4513 817 4557 non
839 4490 965 4578 potuit.
1002 4491 1088 4558 Eam
1111 4493 1222 4580 igitur
1242 4495 1426 4581 imaginem
1447 4492 1617 4581 praesidis
1640 4492 1770 4581 optimi,
1806 4515 1908 4582 quam
1927 4491 2057 4579 Agat

399 4589 530 4658 floridis
554 4593 724 4660 coloribus
748 4593 913 4682 depinxit,
951 4617 993 4661 ex
1015 4597 1116 4664 amici
1147 4597 1325 4664 cuiusdam
1355 4597 1554 4665 narratione
1584 4597 1720 4685 accepit
1748 4603 1992 4685 acceptamque
2015 4617 2058 4662 ex

400 4692 538 4779 ingenio
559 4695 692 4782 pariter
714 4719 754 4763 ac
776 4697 911 4764 Plinius
933 4719 1056 4788 paneg.
1080 4701 1129 4767 19.
1155 4702 1197 4768 56
1226 4701 1369 4769 Traiani
1391 4699 1522 4788 egregii
1545 4700 1642 4768 ducis
1665 4699 1811 4788 speciem
1835 4699 1995 4766 excoluit.
