4836 5488
1197 388 1404 488 *ra—-

468 593 560 677 Rufi,
584 594 644 683 qui
667 593 804 662 etiamsi
826 595 1026 666 valetudine
1048 618 1116 662 non
1138 591 1373 683 impediretur,
1396 597 1502 664 tertio
1526 598 1712 667 consulatu
1734 599 1803 667 cito
1827 623 1864 668 se
1897 607 1975 669 erat
1996 603 2130 671 abdica·

469 704 568 766 turus
594 697 651 784 (ci.
675 698 837 784 Borpbcei
857 698 966 784 VIII,
1000 723 1033 788 p.
1057 699 1135 784 579)
1164 699 1278 766 locum
1308 706 1533 770 successerat.
1577 701 1702 770 Primis
1731 708 1849 771 autem
1882 705 1966 773 0001
1994 705 2132 795 imperii

469 802 643 870 mensibus
663 801 753 869 idem
773 801 909 884 accidit,
928 803 1018 891 quod
1037 801 1272 892 postNeronis
1288 802 1535 890 exitum(Plut.
1548 804 1648 874 Galb.
1660 809 1694 892 8)
1710 812 1747 874 et
1758 807 1795 874 in
1806 806 1880 876 Titi
1892 815 1928 876 01
1940 807 2133 877 Domitiani

468 905 666 995 primordiis
696 904 850 992 (Sueten.
874 905 942 973 Tit.
967 907 997 974 8.
1021 906 1118 974 Dom.
1142 907 1177 989 9)
1210 905 1344 973 facturn
1374 913 1464 975 erat:
1497 909 1532 974 in
1555 908 1729 977 delatores
1761 910 1883 977 humili
1915 912 1990 980 loco
2027 917 2132 981 natos
2234 903 2260 958 ’-

469 1010 701 1092 saeviebatur,
719 1010 883 1078 senatorii
903 1009 1033 1080 ordinis
1052 1009 1206 1078 homines
1225 1009 1396 1078 timebant
1410 1010 1556 1100 quidem,
1569 1036 1612 1081 00
1628 1013 1722 1102 ipsos
1738 1037 1872 1104 quoque
1888 1013 2129 1083 damnatorum

468 1113 652 1202 propinqui
674 1118 965 1202 persequerentur
994 1113 1096 1201 (Plin.
1120 1113 1149 1195 Ι,
1174 1115 1238 1199 15),
1273 1136 1383 1204 neque
1417 1121 1537 1182 tamen
1571 1117 1681 1184 ullum
1716 1117 1876 1185 damnum
1900 1118 1994 1208 passi
2017 1125 2128 1188 erant.

467 1216 610 1284 Interea
631 1223 855 1286 reverterunt
887 1218 1080 1286 illustrium
1102 1209 1255 1285 0110100
1278 1219 1473 1301 necessarii,
1506 1241 1523 1285 e
1547 1226 1679 1309 septem
1710 1221 1782 1288 illis
1809 1243 1952 1311 quorum
1975 1222 2131 1290 amicitia

467 1320 601 1389 Plinius
625 1322 842 1408 gloriabatur
862 1321 944 1407 (III,
970 1322 998 1404 1,
1022 1320 1644 1407 43)10111111110010110011010
1668 1329 1889 1410 antegressae
1913 1323 1979 1392 duo
2003 1326 2130 1394 saltem

467 1425 700 1493 nobilissimae
723 1417 871 1494 feminae
902 1429 995 1512 [uam
1018 1425 1181 1505 Gratilla,
1212 1447 1300 1515 quae
1323 1425 1460 1493 Rustici
1483 1427 1592 1513 magis
1625 1449 1727 1516 quam
1750 1427 1903 1496 Helvidii
1934 1429 2130 1519 propinqua

467 1529 608 1597 videtur
629 1528 736 1597 101000
759 1528 861 1618 (Ρ110.
881 1530 948 1611 ΠΙ,
973 1529 1023 1613 11,
1047 1530 1076 1597 3.
1100 1529 1143 1612 V,
1168 1530 1197 1612 1,
1221 1532 1250 1598 8.
1275 1530 1386 1598 Tacit.
1410 1529 1490 1598 11101.
1513 1530 1579 1614 ΠΙ,
1603 1531 1645 1599 69
1669 1531 1726 1599 011.
1749 1531 1930 1598 Mommsen
1951 1531 2020 1599 ind.
2037 1532 2127 1602 Plin.

466 1656 498 1722 p.
521 1635 587 1701 432
609 1632 758 1721 Ε1110101.
784 1632 921 1703 dissert.
945 1633 994 1716 Π,
1025 1633 1054 1716 7,
1077 1634 1112 1719 8)
1145 1638 1264 1701 01100
1287 1657 1364 1701 000
1387 1633 1541 1701 Maurico
1572 1633 1716 1702 redierit
1738 1656 1844 1701 necne
1875 1658 1943 1702 non
1966 1639 2128 1724 constat],

466 1759 610 1826 quarum
634 1737 831 1804 memoriam
842 1736 986 1804 Tacitus
1009 1737 1046 1804 in
1067 1737 1291 1806 historiarum
1313 1738 1402 1806 libro
1425 1738 1542 1827 aliquo
1557 1737 1735 1826 deperdito
1751 1737 1941 1806 celebravit
1962 1739 2127 1825 (01.1,3)1

464 1839 601 1909 Fannia
622 1841 778 1909 Helvidii
800 1863 957 1923 noverca,
982 1841 1098 1928 magni
1109 1840 1282 1910 Thraseae
1304 1842 1388 1924 filia,
1412 1863 1499 1930 quae
1522 1846 1656 1929 patrem
1681 1840 1859 1925 aNerone,
1884 1864 1905 1909 a
1927 1841 2127 1912 Domitiano

466 1945 674 2032 privignum,
698 1968 719 2011 a
740 1945 953 2034 Vespasiano
976 1946 1139 2012 maritum
1163 1944 1271 2013 occidi
1293 1945 1432 2014 viderat
1454 1943 1555 2030 (Plin.
1579 1943 1661 2028 VII,
1688 1946 1752 2031 19),
1777 1946 1851 2013 0100
1875 1952 1987 2014 00101
2009 1947 2126 2032 Arria,

465 2055 624 2116 matrona
639 2049 772 2137 pariter
786 2053 1001 2118 constansac
1018 2071 1193 2136 10001000,
1217 2071 1305 2142 quae
1317 2049 1462 2116 Claudio
1486 2049 1678 2138 imperante
1697 2051 1935 2138 0421101100
1959 2073 2126 2120 socerum-

463 2174 530 2242 que
551 2151 725 2219 Thraseae
749 2151 932 2219 Caecinam
966 2150 1112 2219 Paetum
1145 2152 1350 2234 necessaria,
1389 2156 1536 2219 matrem
1569 2153 1770 2220 voluntaria
1801 2159 1917 2221 monte
1948 2154 2123 2222 amiserat.

463 2255 619 2323 Helvidii
641 2254 782 2323 minoris
805 2255 911 2322 vidua
934 2255 1065 2321 Anteia
1087 2254 1131 2321 ad
1154 2254 1321 2323 secundas
1345 2255 1479 2345 quidem
1509 2255 1652 2344 nuptias
1684 2256 1940 2339 convolaverat,
1974 2256 2126 2326 sednon

463 2361 645 2428 imminuta
676 2383 752 2428 cnm
774 2358 936 2426 affinibus
970 2358 1123 2425 amicitia
1153 2359 1435 2448 coniungebatur.
1483 2358 1638 2441 Quarum
1670 2381 1775 2426 causa
1805 2364 1967 2449 suscepta
1988 2359 2125 2428 Plinius

464 2464 633 2532 ultionem
655 2462 812 2530 Helvidii
842 2484 1028 2550 aggressus
1052 2469 1115 2530 est.
1160 2462 1364 2532 Vehementi
1392 2463 1502 2550 igitur
1533 2463 1688 2531 oratione
1710 2463 1746 2530 in
1770 2469 1895 2532 senatu
1916 2466 2121 2553 postulavit,

464 2574 506 2636 ut
528 2567 570 2636 de
599 2567 755 2634 Publicio
780 2566 887 2635 Certo
911 2567 1088 2656 praefecto
1122 2575 1197 2636 tum
1221 2567 1349 2638 aerarii
1371 2567 1544 2657 praetorio
1567 2567 1652 2650 viro,
1676 2566 1736 2656 qui
1759 2566 1961 2636 Helvidium
1984 2591 2125 2638 000000-

465 2677 566 2739 00101
588 2693 794 2760 manumque
818 2671 851 2738 01
865 2671 1105 2739 intentaverat
1117 2675 1150 2756 ¹),
1174 2672 1374 2740 referretur.
1405 2671 1477 2738 Res
1501 2693 1632 2739 summa
1655 2671 1875 2739 contentione
1898 2673 2035 2759 agitata
2058 2679 2120 2757 est,

462 2776 504 2842 ab
520 2781 668 2865 utraque
680 2779 780 2864 parte
795 2780 951 2843 oratores
969 2774 1189 2842 disertissimi
1205 2780 1439 2857 surrexerunt,
1463 2797 1574 2864 neque
1590 2775 1778 2843 defuerunt
1793 2776 1853 2865 qui
1868 2775 2015 2842 mediam
2031 2778 2123 2843 viam

460 2863 734 2966 ingrederentur.
784 2877 919 2961 Certus,
953 2878 1020 2946 0101
1041 2877 1160 2946 Nerva
1189 2879 1392 2949 relationem
1416 2901 1484 2944 non
1506 2878 1640 2946 remisit
1670 2877 1872 2964 (Mommsen,
1897 2877 2046 2944 Stsatsr.
2071 2878 2119 2962 Π,

460 3006 493 3071 p.
506 2982 595 3066 839),
618 2987 735 3049 101000
758 2984 794 3048 01
816 3004 955 3049 0100010
977 2981 1148 3070 praefecti
1171 2987 1207 3049 et
1230 3005 1289 3070 spe
1312 2982 1515 3050 consulatus
1539 2981 1692 3048 deiectus
1716 2985 1779 3047 est.
1803 2980 1904 3048 Inter
1926 2986 1981 3048 tot
2003 2987 2121 3048 autem

459 3085 784 3154 facundissimorum
799 3085 953 3154 virorum
976 3095 1047 3154 tam
1071 3086 1304 3154 consularium
1327 3109 1430 3175 quam
1454 3085 1706 3175 praetoriorum
1721 3107 1823 3153 voces
1837 3107 1908 3152 000
1923 3083 2121 3152 desiderata

461 3197 533 3260 est:
563 3190 708 3258 Tacitus
730 3194 870 3278 patrum
900 3191 1050 3258 omnium
1085 3190 1386 3281 eloquentissimus
1418 3190 1600 3258 obmutuit.
1649 3189 1728 3257 Non
1757 3188 1856 3278 quasi
1890 3192 1985 3256 10010
2015 3193 2121 3278 atque

459 3295 601 3364 honeste
624 3298 858 3362 accusatorem
881 3316 984 3382 01010
1006 3299 1158 3380 0010101,
1181 3293 1283 3360 1000
1305 3293 1481 3382 indignam
1504 3315 1619 3360 eorum
1643 3291 1702 3382 qui
1724 3291 1925 3358 Helvidium
1955 3291 2121 3360 insectati

459 3406 560 3468 erant
582 3399 785 3467 violentiam
808 3399 928 3466 acerbe
952 3397 1065 3486 carpit
1087 3396 1172 3484 Agr.
1203 3398 1255 3480 45,
1291 3396 1352 3465 sed
1380 3398 1571 3487 prudenter
1601 3417 1703 3483 agere
1739 3417 1807 3463 non
1837 3395 1995 3484 putabat,
2029 3395 2122 3462 sicut

460 3503 632 3576 Corellius
655 3503 715 3571 ille
746 3505 939 3570 constantior
969 3507 1159 3586 cautiorque.
1205 3499 1349 3570 Scilicet
1381 3506 1463 3569 tnnc
1500 3501 1649 3590 primum
1687 3504 1879 3568 senatorem
1919 3521 2016 3566 reum
2045 3497 2121 3565 fieri

459 3607 716 3691 animadvertit,
741 3631 806 3697 quo
829 3608 929 3674 velut
953 3605 1049 3693 signo
1074 3605 1263 3674 ulciscendi
1284 3605 1367 3672 dato
1382 3604 1567 3672 verebatur
1588 3625 1632 3670 00
1654 3625 1767 3690 agmen
1780 3623 1907 3670 remum
1928 3609 2123 3670 0100010101

459 3713 517 3798 (ef.
540 3711 631 3779 Hist.
655 3710 717 3794 IV,
741 3713 797 3795 6.).
831 3711 957 3800 Itaque
980 3732 1090 3799 neque
1113 3709 1296 3777 defendere
1319 3730 1415 3774 reum
1437 3729 1547 3796 neque
1569 3706 1830 3774 accusatoribus
1853 3705 1972 3773 adesse
1995 3703 2118 3772 voluit

457 3816 555 3884 lllud
578 3813 910 3904 praestititFronto,
934 3814 1140 3892 Domitiano,
1166 3835 1186 3878 a
1210 3836 1276 3902 quo
1300 3812 1420 3879 consul
1443 3816 1580 3880 creatus
1604 3815 1714 3891 erant,
1737 3809 1839 3895 longe
1863 3829 1963 3897 quam
1975 3807 2122 3876 Tacitus

458 3920 601 4008 gratior,
625 3918 717 3987 sicut
734 3909 768 3985 a.
795 3918 858 3984 100
881 3915 1033 4003 Collega,
1057 3939 1087 3984 0.
1111 3916 1154 3983 93
1184 3917 1313 3994 000001,
1345 3915 1534 3984 molliorem
1557 3913 1599 3980 de
1629 3913 1739 3979 Mario
1761 3910 1880 3977 Prisco
1912 3910 2119 3978 sententiam

458 4023 546 4092 tulit
574 4020 677 4108 (Ρ110.
701 4043 752 4110 ep.
776 4021 818 4103 V,
842 4021 894 4103 20,
910 4023 954 4104 7).
977 4019 1173 4088 Prudenter
1195 4020 1331 4109 quidem
1353 4017 1496 4086 Tacitus
1520 4023 1557 4084 et
1579 4015 1631 4083 101
1660 4014 1815 4103 publicae
1844 4013 1977 4096 utilius,
2010 4033 2120 4101 neque

460 4128 565 4194 aliter
587 4125 777 4214 imperator
799 4125 916 4206 sensit,
950 4147 1026 4190 cum
1049 4124 1252 4192 relationem
1281 4147 1349 4190 non
1379 4123 1585 4190 1001110101.
1616 4118 1683 4186 Sed
1714 4122 1816 4185 erant
1849 4115 1974 4205 quibus
2004 4115 2118 4182 minus

458 4231 675 4319 probaretur.
709 4227 808 4295 Inter
830 4250 915 4316 quos
937 4227 1051 4295 000010
1074 4249 1118 4294 00
1133 4225 1325 4294 Mauricum
1348 4226 1461 4315 ipsum
1484 4245 1668 4304 numerem,
1693 4243 1791 4310 quem
1814 4217 1951 4287 Nervae
1973 4219 2123 4286 lenitate

458 4335 626 4401 offensum
649 4353 724 4398 esse
746 4331 958 4400 acerbissimi
980 4329 1072 4398 sales
1092 4329 1339 4412 demonstrant,
1364 4351 1449 4419 quos
1460 4327 1595 4396 Plinius
1612 4325 1674 4407 IV,
1698 4325 1749 4406 22,
1772 4324 1795 4390 4
1817 4321 1990 4411 repetivit.
2015 4321 2121 4390 Certe

456 4442 555 4504 tutor
577 4441 742 4524 nepotum
766 4435 970 4523 magistrum
994 4456 1016 4500 a
1037 4433 1161 4514 Plinio,
1184 4425 1226 4500 ab
1250 4432 1367 4501 eodem
1390 4433 1504 4520 neptis
1519 4452 1684 4517 generum
1700 4429 1766 4495 sibi
1781 4430 1861 4495 vult
1875 4424 2115 4505 commendari,

616 4677 638 4747 ¹)
664 4679 738 4731 Idem
756 4695 789 4730 00
809 4679 945 4730 Thraseae
970 4677 1107 4730 accideret
1130 4678 1211 4728 amici
1235 4679 1387 4728 metuerant
1412 4675 1512 4744 (00001.
1537 4673 1609 4738 XVI,
1633 4672 1689 4741 26),
1713 4671 1850 4724 acciderat
1874 4669 1989 4722 delatori
2016 4667 2121 4719 1010000

456 4765 533 4836 (hist.
553 4767 598 4830 lv,
616 4767 673 4836 41).
