4836 5488
1236 417 1256 480 2

417 624 548 692 Verum
563 623 733 704 Tacitum,
758 622 868 712 quiin
884 622 1000 690 eadem
1023 622 1201 710 provincia
1217 623 1385 690 matribus
1395 621 1588 689 Alaterviis
1613 625 1732 688 votum
1747 621 1854 688 solvit
1877 622 2075 706 (Bromlaclr

418 728 494 796 C.I.
509 728 549 794 R.
568 752 599 793 n.
613 729 692 810 623)
715 727 867 809 insolita,
892 731 1086 812 congruunt
1108 725 1252 814 denique
1275 725 1388 813 patris
1410 726 1541 814 filiique
1565 725 1788 792 condiciones,
1814 724 1963 792 Constat
1986 725 2075 791 euim

418 854 435 898 c
457 835 720 919 procuratorum
735 831 940 918 praesertim
955 830 1072 896 ordine
1089 835 1246 896 senatum
1262 851 1283 894 a
1295 829 1501 895 Caesaribus
1524 829 1575 896 ita
1599 828 1753 917 suppleri
1769 828 1910 895 solitum
1927 851 2010 909 esse,
2035 833 2077 894 ut

417 939 480 1000 aut
501 934 568 1021 ipsi
591 934 683 1000 inter
700 934 893 1021 praetorios
908 933 964 1000 vel
986 932 1189 1000 tribunicios
1205 933 1447 1019 adlegerentur
1469 931 1526 1018 (cf.
1543 933 1746 1014 Hirschfeld,
1763 931 2076 1018 Untcrsuchungen

417 1038 445 1118 l,
469 1063 500 1126 p.
518 1039 596 1120 245)
620 1043 683 1104 aut
705 1038 823 1104 liberis
848 1061 965 1104 eorum
987 1037 1104 1104 aditus
1127 1037 1171 1102 ad
1195 1035 1403 1102 senatoriam
1426 1035 1632 1122 dignitatem
1654 1035 1846 1124 patefieret.
1870 1035 1968 1102 Inter
1991 1057 2075 1122 quos

418 1165 494 1207 cum
521 1141 579 1229 qui
602 1141 763 1227 Belgicae
794 1141 948 1208 rationes
979 1141 1228 1228 procurabant,
1268 1139 1504 1206 educenariis
1527 1138 1649 1226 opibus
1680 1145 1716 1205 et
1738 1139 1853 1225 gratia
1878 1139 2075 1218 eminerent,

417 1243 525 1310 Plinii
548 1245 656 1311 amico
679 1245 724 1311 ad
754 1245 914 1313 altiorem
946 1243 1101 1332 gradum,
1139 1243 1182 1310 ad
1212 1266 1313 1332 quem
1342 1243 1400 1309 vel
1430 1241 1534 1309 inviti
1557 1265 1578 1308 a
1608 1241 1754 1309 Claudio
1786 1243 2077 1330 promovebantur

418 1347 473 1432 (cf.
500 1346 639 1414 Sueton.
664 1346 785 1414 Claud.
810 1349 875 1431 24),
908 1347 1085 1435 adspirare
1108 1345 1245 1412 licebat.
1292 1347 1359 1412 llle
1381 1353 1499 1413 tamen
1521 1347 1615 1412 intra
1638 1351 1831 1434 equestrem
1854 1346 2072 1413 nobilitatem

420 1451 590 1518 substitit.
636 1450 761 1539 Itaque
784 1452 872 1517 nihil
895 1451 1108 1540 probabilius
1142 1457 1204 1532 est,
1240 1473 1342 1539 quam
1371 1449 1481 1517 filium
1504 1449 1638 1538 aliquot
1666 1450 1766 1516 annis
1788 1455 1868 1538 post
1891 1442 2076 1533 irminrici

419 1554 519 1622 illum
543 1554 719 1621 sublatum
743 1577 764 1621 a
787 1555 1003 1644 Vespasiano
1027 1555 1070 1620 ad
1095 1577 1188 1643 spem
1212 1555 1379 1622 senatorii
1403 1554 1532 1621 ordinis
1556 1553 1744 1620 admissum
1761 1577 1844 1621 esse.
1869 1553 1958 1620 Nam
1976 1575 2076 1642 quae-

419 1665 552 1725 sturam
576 1681 644 1724 non
666 1658 739 1724 lere
763 1661 931 1747 petebant
953 1659 1021 1725 nisi
1037 1659 1096 1747 qui
1118 1659 1152 1726 in
1170 1658 1380 1747 amplissimo
1396 1659 1514 1725 ordine
1537 1664 1600 1725 aut
1618 1681 1744 1744 genere
1767 1657 1994 1726 commendati
2016 1663 2080 1724 aut

417 1761 583 1850 principis
599 1761 813 1830 liberalitate
829 1763 962 1850 recepti
975 1763 1216 1844 versabantur,
1240 1761 1498 1851 recipiebantur
1513 1768 1630 1829 autem
1647 1762 1884 1830 adolescentes
1902 1768 2078 1850 equestres

416 1866 490 1932 lato
514 1867 610 1932 olavo
634 1866 805 1932 attributo
829 1865 886 1950 (cl.
903 1866 1091 1948 Mommsen,
1116 1873 1197 1932 rbm.
1215 1865 1437 1934 Staatsrecht
1458 1867 1507 1948 II,
1531 1891 1562 1954 p.
1587 1865 1651 1932 869
1674 1871 1714 1934 et
1736 1866 1823 1944 880).
1851 1865 1909 1932 Ita
1933 1865 2078 1930 Ovidius

418 1969 530 2036 latum
560 1971 696 2035 clavum
731 1975 765 2037 et
795 1969 1077 2056 vigintiviratnm
1111 1969 1259 2058 adeptus
1287 1970 1332 2037 ad
1363 1975 1549 2056 angustum
1581 1970 1727 2050 olavum,
1772 1992 1848 2036 cum
1879 1969 1916 2042 in
1946 1967 2077 2033 curiam

419 2095 487 2138 non
512 2072 672 2154 intraret,
695 2074 801 2141 rediit
824 2075 931 2160 (trist.
955 2073 1016 2156 IV,
1042 2074 1091 2154 10,
1116 2075 1157 2140 29
1181 2077 1282 2162 sqq.);
1328 2073 1502 2141 Voconius
1525 2074 1710 2155 Romanus,
1734 2079 1917 2162 postquam
1941 2093 2079 2140 censum

418 2177 633 2243 senatorium
657 2183 781 2245 nactus
806 2184 890 2260 erat,
914 2185 956 2245 ut
978 2179 1014 2244 in
1038 2177 1190 2244 ordinem
1220 2182 1480 2266 promoveretur
1501 2176 1636 2244 Plinius
1668 2201 1689 2244 a
1710 2177 1862 2244 Traiano
1884 2176 1989 2265 petiit
2022 2174 2081 2260 (ad

421 2279 514 2347 Trai.
538 2283 590 2364 4);
614 2281 851 2368 Vespasianus
874 2282 986 2348 latum
1011 2281 1147 2348 clavum
1171 2282 1230 2349 din
1254 2286 1436 2348 aversatus
1460 2285 1524 2364 est,
1556 2281 1699 2348 eundem
1722 2281 1840 2348 iuveni
1863 2280 1997 2348 cuidam
2020 2279 2079 2346 im·

422 2384 578 2470 patravit
601 2382 756 2468 (Sueten.
786 2384 890 2473 Vesp.
916 2387 936 2450 2
960 2389 996 2452 et
1017 2387 1068 2469 4);
1103 2385 1226 2452 Iunius
1259 2384 1390 2453 Avitus
1427 2386 1538 2454 latum
1569 2387 1708 2452 clavum
1737 2385 1862 2467 induit,
1894 2389 2081 2472 antequam

420 2487 667 2572 magistratum
687 2492 823 2574 peteret
845 2487 947 2572 (Plin.
962 2512 1011 2577 ep.
1024 2487 1207 2573 V111‚23);
1232 2488 1329 2578 Aper
1351 2489 1440 2556 diem
1463 2512 1529 2578 quo
1549 2489 1645 2556 latus
1669 2489 1790 2556 clavus
1812 2489 1950 2556 oblatus
1974 2493 2036 2570 est,
2061 2509 2082 2552 a

418 2595 614 2678 quaestura
637 2590 798 2658 distinxit
829 2592 922 2677 (Tac.
948 2592 1028 2658 dial.
1061 2595 1114 2676 7),
1148 2592 1297 2658 Erucius
1321 2592 1445 2660 Clarus
1477 2593 1520 2658 ab
1552 2593 1759 2681 imperatore
1793 2592 1941 2680 primum
1971 2591 2082 2656 latum

421 2692 576 2774 clavum,
610 2699 685 2759 tum
716 2700 959 2783 quaesturam,
995 2695 1140 2783 denique
1174 2695 1316 2760 remisso
1346 2717 1434 2761 anno
1466 2695 1520 2762 ius
1551 2696 1753 2763 tribunatus
1784 2694 1925 2782 petendi
1948 2694 2083 2780 accepit

420 2795 522 2870 (Plin.
548 2821 597 2886 ep.
622 2796 670 2879 Il,
694 2800 737 2882 9).
762 2799 887 2887 Itaque
897 2799 1041 2865 Tacitus
1064 2799 1217 2888 equestri
1239 2799 1312 2866 loco
1335 2804 1440 2865 natus
1464 2805 1505 2866 ut
1526 2799 1689 2866 tribunus
1712 2799 1861 2864 militum
1884 2795 2082 2862 laticlavius

421 2899 456 2964 in
490 2900 623 2985 legione
646 2906 794 2968 mereret
825 2901 881 2981 (of.
907 2901 1095 2983 Mommsen,
1126 2910 1207 2969 rtim.
1240 2901 1442 2970 Staatreobt
1465 2903 1493 2983 I,
1526 2927 1557 2989 p.
1581 2903 1670 2985 445),
1693 2897 2083 2992 imperatoris-alicuius

420 3003 584 3069 beneficio
608 3004 769 3072 obtinuit.
817 3003 926 3086 Quem
950 3004 1202 3094 Vespasianum
1225 3007 1333 3073 fuisse
1367 3007 1440 3094 ipse
1470 3006 1524 3072 bis
1548 3006 1663 3072 verbis
1686 3005 1766 3072 bist.
1791 3005 1819 3086 I,
1853 3003 2079 3086 lindicavit;

420 3106 507 3172 Milli
545 3108 652 3172 Galba
688 3108 765 3174 omo
805 3108 952 3176 Vitellius
993 3132 1049 3176 uec
1094 3113 1242 3195 beneflcio
1282 3133 1337 3176 aec
1373 3113 1497 3176 iniuria
1531 3114 1666 3195 coquiti;
1717 3112 1902 3193 dicacitatem
1938 3115 2081 3174 nostrum

420 3232 441 3274 o
470 3208 669 3292 Vespasiano
692 3213 880 3292 inchoatam,
905 3237 926 3278 o
953 3213 1022 3280 Tito
1046 3221 1180 3292 auctam,
1212 3237 1233 3280 α
1255 3213 1442 3281 Domitiano
1466 3216 1592 3298 lampius
1609 3222 1796 3296 provectam
1817 3234 1882 3279 oon
1905 3215 2079 3293 abnuerim,

421 3314 478 3378 sed
507 3317 726 3396 *iircorruptum
757 3315 859 3398 fidem
882 3317 1048 3398 professis
1084 3338 1181 3399 meque
1215 3339 1322 3383 aurore
1356 3323 1524 3401 quisquam
1556 3325 1585 3384 et
1618 3321 1686 3383 sine
1720 3319 1791 3384 odio
1833 3318 1986 3382 discredas
2025 3323 2079 3382 est.

421 3416 516 3482 Ante
539 3414 793 3503 Vespasianum
817 3439 914 3484 nemo
937 3419 1023 3486 bene
1048 3419 1088 3484 de
1112 3420 1369 3487 adolescentulo
1400 3421 1546 3488 meritus
1569 3427 1639 3504 est;
1670 3420 1817 3509 primum
1851 3425 1969 3487 autem
1992 3417 2082 3507 quod

422 3517 558 3604 aceepit
580 3519 780 3586 beneficium
803 3521 934 3588 ordinis
957 3523 1148 3590 mutatione
1163 3523 1361 3591 continetur
1383 3547 1485 3612 quam
1508 3529 1589 3592 ante
1612 3529 1834 3613 quaesturam
1858 3529 1982 3590 nactus
2006 3527 2080 3588 est:

423 3625 541 3709 itaque
573 3645 640 3688 non
671 3623 712 3690 de
744 3624 954 3710 magistratu
985 3627 1160 3694 senatorio
1194 3627 1253 3695 sed
1275 3627 1317 3694 de
1348 3629 1546 3695 muneribus
1568 3629 1733 3718 loquitur,
1767 3629 1892 3716 quibus
1915 3626 1960 3692 ad
1981 3625 2081 3691 illum

421 3723 538 3790 aditus
576 3727 774 3812 parabatur.
840 3728 939 3794 Inter
976 3751 1063 3818 quae
1105 3754 1181 3798 cum
1220 3738 1357 3819 praeter
1391 3732 1607 3798 tribunatum
1651 3732 1764 3800 civilis
1817 3729 2081 3816 vigintiviratus

423 3827 589 3916 quaedam
620 3829 877 3897 administratio
910 3832 1034 3914 fuerit,
1064 3833 1152 3900 bano
1184 3858 1316 3924 quoque
1348 3840 1490 3902 senatus
1521 3837 1699 3922 suffragiis
1732 3834 1884 3900 oblatam
1906 3833 2081 3922 peregisse

423 3929 600 4018 putandus
637 3940 709 4010 est,
744 3940 779 4000 et
811 3957 898 4022 quae
928 3944 1005 4002 erat
1034 3936 1126 4003 illius
1161 3939 1289 4004 aetatis
1316 3939 1547 4020 consuetudo,
1589 3945 1774 4027 antequam
1803 3938 1950 4004 militiae
1978 3959 2084 4004 causa

424 4036 507 4100 urbe
537 4031 572 4098 in
596 4037 806 4122 provinciam
841 4039 1029 4107 excederet.
1076 4041 1256 4109 Hactenus
1286 4043 1396 4128 igitur
1425 4046 1467 4110 ab
1502 4043 1666 4130 prudenti
1689 4043 1810 4109 Haosii
1846 4047 1891 4129 (p.
1927 4041 1996 4128 IX)
2026 4043 2082 4110 de·
2116 4047 2125 4062 '

424 4141 674 4208 monstratione
697 4141 844 4225 discedo,
869 4148 909 4211 ut
932 4168 998 4211 non
1022 4150 1092 4212 tam
1117 4145 1158 4212 de
1183 4147 1438 4232 vigintiviratu,
1473 4148 1598 4236 quippe
1631 4147 1780 4234 quinon
1810 4147 1853 4212 ab
1875 4140 2083 4234 imperatore

425 4243 484 4308 sed
508 4267 528 4309 a
553 4251 676 4311 senatu
699 4245 922 4330 tribueretur,
947 4247 1005 4316 sed
1029 4249 1070 4316 de
1094 4249 1166 4315 lato
1191 4252 1288 4316 clavo
1312 4251 1469 4336 cogitem,
1505 4257 1651 4338 utroque
1675 4255 1792 4316 autern
1815 4258 1851 4318 et
1873 4249 2024 4318 militare
2048 4255 2084 4316 ct

425 4345 527 4414 civile
552 4371 675 4414 munus
708 4373 783 4416 cnm
806 4351 994 4438 Borghesio
1017 4353 1039 4419 l.
1064 4354 1085 4417 l.
1111 4354 1231 4440 primis
1263 4355 1442 4442 scriptoris
1464 4355 1580 4421 verbis
1611 4354 1850 4441 comprehendi
1881 4353 2081 4421 existimem.

425 4450 621 4534 Dignitatem
644 4455 769 4520 tribuno
784 4457 919 4522 utilitum
936 4459 1068 4523 bonores
1081 4462 1231 4540 petitura,
1256 4465 1297 4524 ut
1313 4458 1418 4525 Plinii
1436 4459 1550 4525 verbis
1571 4463 1651 4525 nter
1670 4481 1719 4546 ep.
1738 4457 1799 4538 VI,
1816 4458 1867 4536 31,
1891 4459 1942 4524 ita
1957 4457 2084 4524 tribuit

424 4554 663 4642 Vespasianus
686 4557 727 4623 ut
751 4581 817 4624 non
841 4560 1052 4627 senatorium
1074 4561 1218 4646 gradum
1242 4563 1301 4629 sed
1325 4562 1476 4629 ordinem
1500 4563 1623 4629 saltem
1643 4561 1854 4629 senatorium
1873 4561 2081 4627 concederet.

424 4657 541 4748 Neque
564 4659 674 4746 igitur
705 4683 793 4750 quae
816 4663 1033 4746 Nipperdeius
1056 4689 1087 4752 p.
1111 4663 1170 4731 IV.
1203 4671 1238 4732 ct
1272 4666 1438 4749 Soiippius
1460 4665 1582 4733 Philol.
1607 4665 1718 4750 (XIX.
1754 4689 1786 4752 p.
1811 4665 1874 4732 262
1898 4669 1962 4752 sq.)
2006 4686 2082 4751 pro·

425 4764 584 4830 tulerunt
608 4771 821 4851 argumenta,
846 4767 969 4856 quibus
992 4768 1180 4856 simplicem
1196 4769 1292 4836 illins
1313 4769 1380 4836 loci
1403 4770 1724 4858 interpretationem
1747 4768 1970 4848 infirmarent,
1994 4790 2084 4836 nunc
