4836 5488
1273 458 1316 524 22

465 655 703 749 Quintilianus
725 665 767 750 V,
793 665 843 746 11,
868 665 910 732 23
933 665 1045 746 affert,
1070 689 1090 733 a
1111 664 1227 734 Taciti
1249 688 1402 734 sermone
1426 665 1540 734 aliena
1568 665 1612 732 ad
1633 663 1779 753 Nepotis
1803 689 1829 733 c.
1855 666 1904 732 10.
1922 655 2126 734 'similitudi-

463 793 540 838 nem
562 770 715 858 proxime
738 768 880 836 accedit.

620 873 790 956 Quorsum
810 872 894 940 haec
911 873 1042 941 attuli?
1072 897 1192 962 nempe
1214 880 1256 941 ut
1278 873 1413 960 generis
1435 871 1611 940 laudativi
1631 871 1726 958 leges
1748 872 1959 962 formamque
1990 875 2033 940 ab
2056 874 2125 941 elo-

464 977 606 1066 quentia
629 977 672 1043 ad
702 975 867 1044 historiae
899 976 1050 1044 rationes
1082 1000 1102 1044 a
1132 977 1357 1067 scriptoribus
1391 977 1545 1044 vitarum
1575 977 1765 1044 translatas
1800 999 1874 1044 esse
1902 979 2122 1066 comprobem,

463 1081 587 1170 quibus
622 1079 726 1147 etiam
761 1079 934 1147 orationes
967 1080 1119 1148 inclusas
1160 1103 1234 1148 esse
1272 1081 1425 1170 exemplo
1465 1079 1611 1169 Nepotis
1644 1079 1886 1148 demonstravi.
1933 1079 1989 1148 Sic
2019 1081 2124 1149 etiam

463 1184 652 1250 Thraseam
675 1183 766 1271 apud
789 1183 973 1250 Rusticum
995 1184 1101 1251 verba
1125 1184 1249 1252 fecisse
1273 1184 1442 1268 existimo,
1467 1185 1583 1274 ‘eaque
1606 1184 1707 1272 gravi
1729 1184 1878 1251 orationi
1906 1193 2008 1273 quam
2031 1185 2124 1274 apud

463 1287 623 1355 Tacitum
645 1287 800 1373 legimus,
823 1309 893 1354 non
916 1287 1107 1354 dissimilia.
1153 1288 1312 1356 Tacitum
1341 1311 1432 1370 vero,
1463 1293 1635 1355 oratorem
1659 1285 1985 1376 eloquentissimum,
2020 1289 2122 1376 plura

465 1413 482 1458 e
501 1413 565 1458 sua
581 1395 656 1457 arte
675 1389 710 1456 in
728 1389 908 1456 historiam
922 1391 1094 1478 recepisse
1111 1393 1188 1481 quis
1205 1393 1377 1460 miretur?
1398 1393 1457 1460 Ita
1473 1396 1510 1458 et
1525 1390 1675 1480 repetita
1693 1391 1892 1459 narratione
1904 1391 1960 1477 (ci.
1975 1391 2122 1474 Quintil.
2151 1431 2157 1444 ·

462 1494 524 1577 IV,
548 1495 578 1576 2,
602 1493 680 1577 128)
703 1491 860 1560 Suetonii
879 1487 1022 1560 Paulini
1038 1499 1076 1562 et
1085 1493 1232 1563 Cerialis
1249 1495 1484 1584 expeditiones
1499 1496 1552 1564 bis
1569 1495 1847 1564 commemoravit
1869 1501 1905 1562 et
1928 1497 2122 1583 egressione

463 1598 520 1667 (ib.
544 1596 605 1678 IV,
630 1598 660 1677 3,
685 1596 739 1680 12)
767 1598 1010 1679 decorationem
1038 1602 1179 1683 regionis
1209 1623 1236 1666 c.
1270 1600 1311 1666 10
1347 1623 1418 1690 sqq.
1448 1606 1484 1668 et
1517 1602 1743 1682 expositionem
1778 1603 1980 1683 quarundam
2016 1625 2124 1668 rerum

461 1709 624 1786 pasturum
655 1723 681 1766 c.
705 1701 748 1766 28
771 1698 914 1782 addidit,
951 1703 1160 1790 apostrophe
1182 1701 1254 1769 sive
1284 1703 1503 1772 adlocutione
1525 1725 1610 1770 usus
1633 1706 1703 1784 est,
1737 1725 1839 1791 quam
1868 1705 1904 1772 in
1935 1706 2031 1774 nullo
2055 1729 2123 1773 non

459 1825 582 1892 prosae
605 1803 772 1870 orationis
795 1825 920 1888 genere
950 1804 1094 1892 reperiri
1117 1805 1307 1873 adhibitam
1329 1811 1468 1896 praeter
1490 1807 1583 1873 locos
1606 1810 1711 1871 antea
1735 1805 1900 1874 laudatos
1929 1808 2007 1877 Vel.
2030 1808 2120 1876 Max.

462 1907 564 1988 VIII,
587 1909 618 1988 2,
642 1907 693 1973 lt
718 1905 847 1974 Seneca
869 1906 910 1973 de
934 1908 1090 1974 clement.
1114 1909 1145 1992 I,
1167 1911 1219 1976 25.
1242 1909 1329 1977 Plin
1347 1910 1532 1990 XXXVII,
1557 1910 1631 1976 201.
1657 1907 1864 1990 Quintilian.
1889 1934 2034 1998 prooem.
2058 1912 2122 1994 VI,

464 2011 514 2076 12.
539 2009 582 2091 Χ,
607 2011 636 2090 1,
661 2011 702 2076 92
734 2010 930 2091 ostendunt,
968 2011 1118 2080 virtutes
1141 2014 1259 2101 aptius
1289 2014 1383 2082 inter
1404 2015 1558 2081 diversos
1581 2013 1691 2081 libelli
1712 2013 1805 2080 locos
1839 2014 2029 2098 distribuit,
2053 2041 2121 2084 mo·

463 2114 608 2181 destiam
639 2137 665 2180 c.
699 2115 729 2180 4
763 2115 791 2180 7.
810 2115 854 2190 '8‚
892 2115 1058 2202 pietatem
1093 2140 1118 2184 c.
1144 2119 1174 2184 6.
1196 2118 1248 2198 45,
1282 2120 1477 2186 comitatem
1512 2142 1538 2186 e.
1563 2119 1593 2186 9.
1625 2117 1678 2200 26,
1712 2117 1950 2204 integritatem
1985 2143 2011 2187 c.
2036 2121 2065 2202 9,
2089 2123 2122 2204 6,

462 2218 634 2286 iustitiam
658 2242 685 2285 o.
710 2218 760 2299 19,
794 2218 1013 2306 prudentiam
1038 2243 1064 2286 c.
1089 2221 1130 2286 21
1154 2221 1229 2287 rell.

617 2321 747 2389 Verum
770 2326 886 2388 tamen
909 2322 995 2390 haec
1019 2347 1037 2390 e
1059 2324 1238 2392 rhetorum
1261 2325 1456 2415 praeceptis
1471 2325 1659 2413 adsumpta
1674 2347 1803 2415 suoque
1818 2349 1885 2392 usu
1900 2327 2122 2414 comprobata

462 2430 673 2507 ornamenta,
697 2425 820 2515 quibus
844 2426 972 2493 diversi
995 2451 1128 2517 quoque
1150 2433 1287 2516 generis
1311 2431 1498 2519 scriptores
1519 2452 1601 2497 usos
1625 2451 1698 2496 esse
1722 2429 1887 2518 exemplis
1909 2429 2121 2498 demonstra-

342 2563 346 2572 *
460 2531 583 2612 vimus,
607 2553 674 2597 non
698 2529 749 2597 ita
772 2530 957 2618 usurpavit
979 2537 1021 2598 ut
1042 2531 1186 2600 formam
1212 2535 1427 2624 speciemque
1449 2535 1531 2601 libri
1552 2533 1710 2600 historici
1742 2555 1817 2600 cum
1848 2535 2003 2602 oratione
2031 2557 2121 2602 com·

460 2637 623 2714 mutaret,
655 2633 715 2700 sed
742 2633 786 2700 ad
815 2633 995 2701 historiam
1019 2635 1235 2704 scribendam
1258 2637 1427 2705 adhibuit.
1473 2637 1559 2704 Cum
1591 2635 1680 2704 enim
1711 2636 1755 2703 ad
1785 2659 1912 2703 novum
1942 2659 2051 2724 genus
2085 2661 2121 2705 se

461 2743 690 2819 converteret,
714 2761 782 2806 non
798 2743 953 2804 oratores
969 2738 1153 2807 imitandos
1172 2741 1238 2807 sibi
1253 2749 1443 2830 proposuit,
1467 2741 1527 2811 sed
1543 2765 1628 2831 quos
1643 2764 1730 2830 puer
1743 2741 1879 2827 legerat
1902 2741 1958 2826 (cf.
1971 2740 2118 2824 Quintil.

459 2842 507 2925 11,
532 2844 562 2924 5,
584 2843 638 2926 19)
660 2841 799 2908 Livium
823 2847 859 2908 et
882 2841 1099 2910 Sallustium.
1133 2844 1252 2933 Atque
1276 2843 1366 2913 hunc
1389 2846 1526 2936 quidem
1550 2845 1587 2912 in
1611 2843 1821 2932 disponendo
1844 2868 1947 2934 opere
1970 2845 2062 2912 sicut
2084 2844 2120 2911 in

459 2946 668 3026 narratione,
691 2945 782 3034 quod
805 2946 848 3011 ab
871 2945 1036 3013 Ecessucro
1068 2948 1347 3017 animadversum
1370 2955 1432 3030 est,
1468 2953 1630 3016 accurate
1655 2953 1794 3016 secutus
1817 2953 1879 3015 est.
1925 2948 2120 3036 Utrumque

460 3051 586 3117 librum
609 3072 686 3116 cum
708 3047 875 3136 Agricola
897 3072 1022 3138 quaeso
1046 3073 1229 3140 compares.

615 3291 864 3378 Agricola.
1198 3293 1433 3361 Catilina.
1735 3293 1992 3379 Iugurtha.

461 3593 488 3637 c.
514 3569 607 3638 1-3.
653 3568 706 3636 De
736 3591 772 3635 se
796 3574 832 3637 et
854 3568 1006 3635 vitarum
1061 3595 1088 3639 c.
1113 3572 1206 3638 1-4.
1231 3571 1283 3638 De
1307 3593 1343 3637 sc
1366 3578 1403 3637 et
1424 3483 1587 3648 historici
1613 3593 1639 3636 c.
1665 3569 1758 3636 1-4.
1783 3568 1835 3636 De
1857 3591 1893 3636 se
1910 3574 1947 3636 et
1963 3569 2110 3638 historia

548 3695 671 3760 genere
695 3672 856 3762 loquitur.
1146 3674 1309 3763 loquitur.
1699 3672 1863 3760 loquitur.

1614 3833 1640 3878 c.
1660 3811 1689 3876 5.
1714 3810 1877 3876 Alterum
1890 3811 2121 3897 prooemium

914 3921 970 3928 -η-

461 3975 486 4018 6.
511 3951 542 4016 4.
582 3948 751 4018 Iuventus
775 3955 810 4016 et
832 3921 1016 4036 ingenium.
1061 3976 1087 4020 c.
1109 3954 1138 4017 5.
1163 3952 1335 4019 Iuventus
1348 3956 1384 4017 et
1395 3948 1579 4036 ingenium.
1614 3947 2107 4036 c.6.Iuventusetingeninm.

461 4059 991 4068 .—————..—
1287 4055 1579 4066 -—-—-..—-—

1061 4113 1087 4156 c.
1113 4089 1229 4156 6-14,
1264 4087 1436 4174 Egressio.

461 4249 488 4292 c.
513 4227 606 4292 5-9.
641 4226 758 4306 Initia,
785 4249 915 4292 cursus.
1062 4251 1088 4294 c.
1115 4227 1251 4293 15-19.
1285 4225 1402 4306 Initia,
1428 4247 1558 4305 cursus,
1614 4247 1640 4290 c.
1666 4225 1780 4292 7-16.
1804 4226 1923 4306 Initia,
1948 4248 2077 4292 cursus.

1151 4329 1351 4396 coniuratio.

1039 4437 1580 4448 —·—--—--—.—---.-—.—....--

1614 4487 1640 4530 ο.
1666 4464 1803 4533 17—19.
1850 4433 2109 4551 agitata

1677 4567 1808 4634 Africa.

458 4677 1248 4800 ᾟῃῆῦ-Ή.
1291 4708 1411 4776 Oratio
1437 4707 1557 4795 prima.
1594 4675 1704 4771 EO
1727 4728 1796 4793 sqq.
1821 4703 1995 4772 Narratio.

1146 4813 1321 4880 Narratio.

458 4437 749 4554 6.-12-128666616
773 4469 813 4535 de
826 4468 1018 4536 Britannia.
