4836 5488
1136 445 1158 510 5

420 733 426 744 ι
475 651 604 720 Romam
627 657 743 720 autem
765 656 951 740 antequam
984 652 1130 718 honores
1164 653 1367 738 capesseret,
1402 655 1439 717 et
1469 640 1660 738 sapientiae
1691 653 1859 738 quantum
1888 649 1977 716 satis

320 760 398 824 erat
419 753 573 822 Romano
595 777 635 822 ac
659 754 813 823 senatori
833 755 953 822 futuro
976 760 1013 822 et
1035 755 1121 822 iuris
1144 753 1272 822 studiis
1294 752 1447 822 imbutus
1471 753 1706 843 eloquentiae,
1730 759 1780 820 ¹ut
1809 752 1861 820 ait
1890 753 1974 840 ipse,

320 858 486 926 bonarum
516 858 644 926 artium
673 858 832 948 principi,
863 863 976 926 totum
1005 883 1042 927 se
1071 859 1260 928 dediderat.
1307 858 1412 947 Apud
1443 857 1714 942 Quintilianum,
1747 855 1977 925 clarissimum

319 967 395 1028 tum
417 961 547 1030 Romsm
568 961 705 1030 dicendi
727 963 942 1049 magistrum,
965 963 1176 1031 declamasse
1204 987 1281 1031 cum
1303 985 1365 1051 per
1396 983 1433 1029 se
1455 960 1642 1030 verisimile
1664 966 1721 1028 est
1748 965 1823 1028 tum
1845 961 1977 1027 litteris

319 1063 427 1132 Plinii
447 1065 509 1148 VI,
533 1067 563 1148 6,
588 1067 616 1133 3.
641 1066 662 1132 9
685 1067 935 1154 comprobatur.
980 1067 1063 1135 Peri
1085 1067 1174 1134 enim
1198 1067 1313 1135 studio
1335 1071 1482 1156 uterque
1504 1065 1588 1132 Iulii
1602 1064 1752 1132 Nasonis
1775 1065 1884 1132 filium
1907 1086 1975 1131 am·

320 1168 442 1256 plexus
465 1175 530 1251 est,
553 1169 621 1238 viri
642 1169 794 1238 litterati
817 1175 853 1237 et
875 1193 942 1238 non
966 1169 1160 1238 studiorum
1182 1173 1321 1237 tantum
1340 1168 1585 1238 verumetiam
1608 1168 1840 1237 studiosorum
1862 1189 1977 1235 amau·

319 1271 455 1354 tissimi,
479 1273 539 1362 qui
561 1273 642 1341 dum
665 1274 819 1362 qnotidie
841 1273 1096 1357 Quintilianum
1126 1273 1235 1356 audit,
1266 1271 1543 1341 adolescentibus
1573 1271 1609 1339 in
1643 1272 1759 1340 eodem
1789 1271 1870 1340 ludo
1901 1293 1975 1340 vcr-

320 1375 479 1443 santibus
502 1376 712 1444 innotuerat.
737 1377 872 1447 Extant
894 1377 999 1444 etiam
1014 1383 1155 1466 praeter
1170 1378 1343 1465 dialogum
1367 1376 1534 1465 quaedam
1558 1375 1735 1444 doctrinae
1754 1380 1791 1444 et
1811 1375 1977 1443 sermonis

319 1501 386 1568 quo
409 1479 576 1566 magister
597 1480 653 1547 uti
675 1481 818 1563 solebat,
855 1482 1003 1568 vestigia
1019 1485 1051 1567 ¹).
1098 1482 1287 1571 inquibus
1310 1481 1437 1548 studiis
1463 1479 1579 1548 eodem
1601 1479 1694 1547 haud
1717 1479 1819 1547 dubie
1841 1477 1978 1546 dicendi

319 1605 444 1670 genere
482 1606 566 1651 usus
606 1589 660 1652 est
703 1607 769 1673 quo
801 1584 1040 1668 Quintilianus
1071 1585 1259 1675 discipulos
1295 1584 1470 1652 Ciceronis
1512 1584 1666 1672 exemplo
1705 1582 1882 1672 proposito
1926 1582 1976 1648 in·

320 1687 487 1770 struebat,
521 1710 588 1776 quo
611 1687 744 1754 iactum
766 1694 821 1757 est
842 1694 884 1756 ut
905 1689 1018 1758 Plinio
1049 1712 1116 1757 non
1147 1689 1336 1757 imitandus
1369 1694 1507 1756 tantum
1538 1688 1598 1755 scd
1630 1684 1812 1754 imitabilis
1842 1707 1977 1774 quoque

319 1813 394 1858 esse
425 1791 611 1860 videretur.
658 1792 766 1860 Cuius
796 1793 905 1862 studii
933 1795 1150 1862 luculentum
1182 1793 1352 1883 specimen
1389 1793 1530 1860 videtur
1558 1790 1740 1880 reliquisse
1769 1789 1904 1876 dialogo
1935 1788 1977 1855 dc

320 1895 515 1963 oratoribus
545 1897 737 1984 conscripto
761 1895 910 1966 fortasse
933 1897 1113 1987 aliquanto
1135 1899 1233 1987 prius
1255 1921 1357 1986 quam
1380 1895 1481 1966 edito.
1526 1894 1616 1961 Nam
1646 1893 1714 1962 etsi
1741 1893 1778 1960 in
1806 1892 1977 1982 prooemio

320 2002 356 2066 et
378 1997 414 2064 in
436 2003 629 2086 temporum
652 2000 830 2069 notatione
853 2023 894 2068 ea
916 2003 1083 2088 leguntur
1105 2024 1193 2091 quae
1210 2001 1320 2069 aTiti
1336 2005 1454 2068 aetate
1473 1996 1795 2065 alienaDomitiano
1811 2002 1978 2083 regnante

320 2101 381 2168 vix
413 2101 486 2170 sine
515 2102 617 2190 gravi
639 2104 818 2192 scriptoris
848 2104 999 2192 periculo
1035 2107 1091 2174 cdi
1120 2112 1326 2195 potuerunt,
1369 2110 1487 2172 tamen
1516 2108 1592 2170 tum
1627 2125 1705 2170 cum
1735 2101 1911 2191 proprium
1942 2106 1978 2168 et

318 2227 418 2270 suum
442 2205 612 2274 scribendi
643 2229 753 2294 genus
784 2206 1007 2291 formaverat,
1040 2209 1100 2276 vix
1130 2209 1175 2275 ad
1205 2207 1441 2276 admirabilem
1471 2204 1669 2274 facundiam
1700 2205 1849 2272 lacteam
1879 2203 1978 2294 quasi

318 2307 514 2376 ubertatem
550 2309 778 2378 adiuncturus
814 2316 899 2379 erat.
964 2311 1084 2402 Neque
1120 2312 1272 2381 Plinium
1308 2312 1397 2379 libro
1432 2315 1513 2378 anta
1546 2303 1682 2377 multos
1715 2329 1822 2376 annos
1853 2307 1898 2374 ad
1939 2329 1975 2374 se

318 2412 422 2479 misso
455 2417 637 2501 tantopere
677 2413 887 2482 delectatum
917 2415 1026 2483 fuisse
1059 2418 1263 2505 putaverim,
1294 2420 1336 2482 ut
1365 2437 1417 2503 ep.
1447 2414 1510 2497 IX,
1545 2415 1586 2482 10
1618 2419 1655 2482 ct
1677 2413 1720 2482 14
1741 2435 1810 2480 non
1839 2417 1978 2480 tantum

318 2537 424 2580 unum
446 2515 663 2605 alterumque
693 2518 807 2586 locum
835 2517 997 2586 laudaret
1025 2519 1087 2586 sed
1118 2520 1223 2586 etiam
1246 2519 1371 2588 itinere
1398 2518 1563 2584 instituto
1595 2541 1631 2586 se
1661 2518 1876 2605 amicumque
1909 2537 1979 2582 una

317 2639 462 2707 pergere
484 2620 688 2688 laetaretur.
732 2620 954 2710 Quapropter
976 2623 1068 2690 sieut
1092 2645 1169 2690 eum
1192 2623 1328 2706 librum,
1351 2645 1451 2712 quam
1463 2620 1544 2702 VII,
1568 2619 1769 2688 cominius
1792 2619 1977 2706 selegisse

318 2721 450 2804 scribit,
473 2723 518 2790 ad
540 2725 726 2792 oratoriam
748 2729 859 2792 artem
882 2724 1093 2813 pertinuisse
1116 2727 1284 2809 existimo,
1308 2727 1359 2794 ita
1382 2725 1509 2792 librum
1530 2746 1630 2814 quem
1653 2722 1891 2809 corrigendum
1914 2722 1979 2790 Ta-

318 2824 409 2893 citus
437 2827 616 2910 dieccpalce
644 2831 802 2912 diruptio
832 2829 853 2897 i.
882 2851 910 2897 e.
942 2830 1095 2897 eiusdem
1128 2831 1217 2898 artis
1245 2829 1400 2898 studioso
1429 2828 1573 2896 miserat
1602 2831 1668 2916 (ep.
1700 2825 1802 2910 VIII,
1825 2827 1861 2911 7)
1887 2825 1978 2894 hunc

319 2927 536 3015 potissimum
565 2931 722 2999 libellum
752 2933 897 3000 mortuis
931 2956 1075 3022 quorum
1105 2956 1277 3003 sermones
1310 2933 1479 3014 imitatur,
1513 2953 1624 3019 nuper
1645 2931 1840 2998 absolutum
1869 2929 1979 3019 iisque

318 3051 406 3117 quae
436 3035 627 3121 temporum
657 3035 805 3102 mutatio
836 3035 988 3120 ferebat,
1026 3036 1156 3104 additis
1179 3035 1392 3126 mutatisque
1416 3035 1605 3124 expolitum
1628 3035 1737 3102 fuisse
1765 3033 1978 3103 coniecerim.

318 3131 505 3203 Manifesto
525 3136 736 3219 Quintiliani
765 3139 930 3207 iudicium
948 3146 1105 3208 secutum
1130 3163 1205 3208 esse
1227 3141 1296 3208 iam
1318 3141 1427 3229 primo
1444 3140 1624 3208 enuntiato
1647 3138 1832 3220 indicatur,
1855 3138 1914 3204 ubi
1937 3136 1979 3204 de

319 3238 569 3307 causidicorum
592 3248 628 3309 et
649 3248 826 3310 oratorum
849 3243 1044 3312 discrimine
1066 3244 1185 3332 agitur
1206 3244 1277 3331 (cll.
1301 3243 1448 3327 Quintil.
1472 3243 1555 3325 XII,
1580 3243 1610 3322 1,
1633 3243 1785 3326 23-25).
1823 3239 1978 3330 Utroque

317 3341 428 3428 igitur
449 3342 618 3431 discipulo
641 3367 808 3413 summam
839 3347 1055 3436 eloquentiae
1088 3349 1225 3437 qualem
1255 3353 1411 3436 tempora
1449 3347 1608 3414 ferebant
1629 3346 1767 3414 laudam
1795 3349 1977 3413 consecuto

320 3443 569 3529 Quintilianus,
593 3447 653 3535 qui
676 3471 792 3516 eorum
814 3451 874 3541 qui
896 3452 1064 3520 vivebant
1085 3453 1254 3520 neminem
1277 3452 1469 3520 nominavit
1498 3451 1555 3538 (ci.
1577 3451 1740 3518 Marcialio
1762 3472 1846 3516 mus.
1868 3447 1977 3515 Rhea.

319 3545 417 3630 xix,
443 3571 476 3637 p.
496 3550 540 3634 9),
575 3549 629 3618 his
651 3553 766 3620 vorbis
799 3555 983 3642 gloriatur:
1029 3563 1103 3624 sunt
1131 3560 1214 3623 caim
1246 3579 1371 3622 omnmo
1402 3556 1495 3622 bodie
1517 3556 1631 3639 quibam
1652 3555 1845 3621 inlustratur
1860 3553 1979 3636 sorum

317 3655 456 3737 iacente,
478 3677 612 3739 eampse
634 3663 663 3722 ct
678 3663 885 3727 amasammoti
899 3661 966 3726 ium
974 3661 1109 3742 patroni
1122 3661 1277 3727 amahus
1292 3660 1494 3727 mutantur
1515 3665 1545 3724 ct
1559 3679 1611 3725 eos
1632 3661 1780 3724 iuvenum
1801 3657 1845 3723 ud
1859 3659 1980 3738 optimc

319 3757 510 3824 tncdntdm
532 3761 677 3826 imitatur
709 3781 748 3826 ac
775 3767 918 3846 sequitur
946 3765 1114 3830 industrio.
1160 3763 1228 3849 (cf.
1259 3765 1374 3846 Ritter,
1404 3785 1550 3852 prooem.
1572 3761 1601 3843 Ι,
1639 3783 1670 3848 p.
1696 3759 1775 3827 XX.
1807 3759 1861 3826 cll.
1886 3758 1976 3826 Pliu.

319 3861 620 3948 mmmm

390 4119 412 4188 ¹)
431 4121 632 4186 Quintilianx,
648 4123 669 4186 1,
686 4125 734 4176 125
754 4123 882 4195 [Seneca]
902 4127 1028 4192 placebat
1044 4141 1123 4194 prop·
1246 4127 1332 4179 Tacit.
1351 4127 1440 4178 annal.
1466 4126 1544 4188 XIII,
1572 4125 1597 4177 3.
1622 4125 1673 4176 init
1697 4123 1738 4174 illi
1757 4123 1815 4173 viro
1841 4123 1977 4186 Ingenium

319 4209 363 4258 ter
381 4209 439 4260 sola
457 4210 527 4261 vitia
541 4247 546 4260 .
562 4247 569 4260 .
583 4211 660 4262 cuius
678 4213 814 4276 ingenium
833 4213 912 4264 Iacile
931 4217 960 4265 et
978 4215 1123 4279 copIosum.
1176 4229 1314 4266 amoenum
1333 4217 1361 4264 et
1379 4215 1509 4280 temporis
1528 4213 1585 4264 eins
1608 4212 1718 4264 auribus
1743 4207 1977 4262 accommodatum.

390 4295 430 4346 Id.
448 4295 511 4358 XII,
533 4297 573 4358 ll,
592 4298 609 4348 3
627 4297 692 4350 vidi.
712 4337 718 4350 .
736 4335 744 4352 .
767 4299 914 4351 Domitium
931 4298 1027 4352 dirum
1045 4299 1123 4350 uelde
1245 4301 1286 4355 Id.
1304 4317 1365 4353 sun.
1384 4301 1429 4361 IV,
1455 4303 1496 4351 52.
1516 4303 1593 4352 aetas
1618 4303 1737 4350 extrema
1760 4296 1871 4348 multum
1895 4297 1978 4348 etiem

320 4396 410 4433 senem
429 4383 530 4435 cotidIe
549 4384 652 4450 aliquid
670 4401 703 4437 ex
721 4401 753 4438 ea
778 4401 856 4452 qoem
879 4389 1015 4438 meruerat
1032 4391 1123 4438 sucto-
1176 4389 1345 4454 eloquentIae
1358 4387 1482 4455 dempsit,
1503 4387 1564 4439 dum
1576 4388 1649 4439 Iesse
1660 4389 1749 4437 ments
1762 4385 1864 4436 retinet
1875 4383 1979 4435 silentii

322 4469 406 4519 ritate
423 4469 615 4534 perdentem..
628 4487 695 4539 quse
713 4473 820 4524 occesIo
838 4473 871 4524 de
884 4475 930 4525 illo
944 4475 997 4525 solt
1009 4473 1122 4536 dicendi,
1176 4476 1384 4541 impatientiam.

232 4615 235 4623 ,
319 4555 399 4607 melle
417 4571 477 4607 eum
495 4557 608 4610 deficere
628 4575 706 4626 quam
725 4559 856 4613 desinere.

391 4641 430 4694 Id.
440 4643 472 4705 X,
486 4645 567 4704 1,108
575 4644 706 4697 Servitius
713 4645 883 4701 Nonianus..
898 4651 925 4699 et
943 4649 1030 4715 Ipsca
1045 4649 1123 4701 nobis
1246 4649 1287 4700 Id.
1305 4651 1377 4716 XIV,
1398 4651 1438 4704 19.
1458 4647 1590 4700 Servilius
1609 4647 1654 4698 din
1673 4646 1739 4708 ioro,
1758 4659 1820 4696 mox
1837 4643 1977 4696 tradendis

320 4728 429 4782 auditus
454 4735 504 4794 est,
531 4733 597 4784 clari
616 4735 658 4785 vir
676 4735 779 4797 Ingenii
803 4739 832 4786 et
855 4737 1001 4786 sententiis
1021 4737 1122 4798 creber,
1176 4738 1255 4789 rebus
1273 4737 1401 4790 Romanis
1419 4737 1534 4788 celebris
1552 4739 1581 4786 et
1598 4733 1734 4798 elegantiis
1750 4733 1832 4784 vitea.

320 4816 368 4868 scd
381 4819 467 4870 miuus
482 4835 592 4885 pressus
606 4835 684 4887 quarn
696 4821 826 4874 historiae
839 4823 1123 4889 anctoritaspostolat.
