4836 5488
1062 454 1269 554 ‚lik-

334 664 458 732 melius
487 663 637 731 fortasse
668 661 790 730 Zellius
819 659 1126 747 (Forienschriften
1155 661 1223 744 ΠΙ,
1259 683 1290 749 p.
1314 662 1369 744 98)
1403 658 1621 726 memorabile
1652 665 1877 748 praeceptum
1906 683 1924 728 e
1958 683 1996 728 re

335 769 477 835 ductum
510 768 599 853 (eine
623 765 874 854 merlrwiirdigc
898 765 1235 852 Nutzanwendung).
1278 765 1409 831 Eadem
1433 765 1538 831 verba
1561 771 1745 832 moverunt
1771 766 1995 848 Guntretlium,

336 871 449 940 virum
462 871 630 959 elegantis
647 870 775 950 iudicii,
799 876 921 938 contra
935 869 1062 937 stoicos
1074 869 1222 959 proferri
1234 869 1538 937 Dubris-Genetaei
1551 867 1579 951 I,
1593 893 1624 957 p.
1640 870 1706 936 478
1718 869 1905 951 contendit,
1928 893 1996 936 non

336 975 426 1043 falso
448 975 578 1064 utique.
609 975 730 1064 Neque
750 961 866 1040 tamen
883 973 980 1055 satis,
1005 973 1072 1041 nisi
1094 973 1210 1055 fallor,
1234 974 1462 1042 attenderunt
1484 971 1552 1040 viri
1575 971 1775 1055 doctissimi,
1799 997 1865 1040 uon
1886 975 1995 1060 magis

336 1103 413 1148 cum
425 1080 578 1168 proximo
596 1079 776 1147 enuntiato
792 1101 895 1167 quam
912 1103 989 1146 curn
1005 1078 1166 1145 universo
1185 1077 1300 1145 libello
1317 1077 1525 1144 sententiam
1544 1075 1715 1163 coniungi,
1736 1099 1838 1165 quam
1857 1077 1905 1144 sio
1923 1075 1996 1144 fere

336 1183 475 1271 explere
496 1183 652 1250 conabor.
699 1182 859 1265 Quatuor
879 1181 1072 1250 virtutibus
1095 1181 1263 1268 Agricola
1286 1181 1461 1262 excelluit,
1496 1179 1670 1247 industria
1694 1185 1730 1247 et
1752 1180 1871 1268 vigore
1895 1203 1995 1271 quem

310 1285 371 1355 ¹in
393 1286 577 1354 Britannia
599 1287 782 1377 praecipue
806 1287 972 1368 exhibuit,
1008 1287 1232 1375 obsequio“ac
1256 1284 1425 1352 modestia
1456 1307 1558 1375 quam
1592 1305 1655 1373 per
1677 1290 1787 1352 totam
1812 1285 1920 1352 vitam
1944 1285 1996 1353 ita

335 1391 524 1480 praestitit,
547 1395 589 1457 ut
610 1411 720 1479 neque
743 1389 889 1456 militiae
910 1389 1011 1458 iidem
1035 1397 1071 1458 et
1093 1389 1292 1485 obsequium
1315 1387 1456 1456 falleret
1478 1410 1588 1477 neque
1623 1387 1713 1456 domi
1742 1387 1777 1455 in
1810 1389 1905 1456 curia
1927 1413 1995 1457 mo-

336 1495 483 1562 destiam
507 1494 668 1562 laederet
716 1493 816 1576 Quod
838 1493 907 1563 uisi
929 1491 1080 1576 fecisset,
1112 1498 1253 1582 poterat
1274 1492 1412 1582 quidem
1436 1515 1509 1559 eam
1540 1492 1676 1560 laudem
1708 1493 1863 1581 adipisci,
1894 1517 1996 1584 quam

336 1599 525 1667 iactatione
548 1597 723 1665 libertatis
746 1603 782 1664 et
803 1597 954 1684 gloriosa
977 1603 1086 1666 morte
1109 1597 1171 1664 alii
1193 1595 1450 1686 quaesiverunt,
1475 1595 1536 1664 sed
1558 1619 1633 1664 cum
1667 1597 1703 1662 hi
1726 1595 1799 1664 sine
1831 1597 1881 1664 rei
1912 1599 1996 1687 pub·

336 1701 424 1770 licae
457 1724 523 1768 usu
556 1700 791 1782 inclaruerint,
822 1699 883 1767 illa
913 1701 991 1768 dum
1023 1701 1219 1768 inclarescit
1248 1701 1352 1768 simul
1388 1699 1438 1768 rei
1475 1700 1633 1788 publicae
1673 1701 1813 1789 profuit
1862 1701 1996 1784 Quibus
2111 1745 2116 1754 ·

337 1803 452 1872 verbis
490 1828 557 1872 non
592 1803 759 1871 laudatur
789 1808 927 1870 tantum
950 1803 1125 1889 Agricola,
1157 1803 1216 1871 sed
1255 1805 1360 1872 etiam
1387 1803 1593 1870 defenditur.
1639 1802 1728 1870 Nam
1762 1803 1870 1872 fuisse
1903 1805 1996 1872 hand

336 1931 464 1998 paucos
487 1909 546 1998 qui
568 1909 660 1975 sicut
682 1912 908 1996 speraverant
941 1907 1015 1974 fore
1046 1912 1088 1974 ut
1117 1931 1193 1976 cum
1225 1907 1379 1975 exercitu
1413 1906 1653 1975 aDomitiano
1684 1907 1857 1990 deficeret,
1895 1932 1996 1998 quem

334 2022 496 2082 uentorum
518 2013 723 2080 tarditatem
744 2013 924 2101 expavisse
934 2011 1070 2079 Plinius
1092 2010 1216 2079 irridet
1238 2033 1360 2100 paneg.
1380 2011 1432 2094 68,
1456 2011 1507 2078 ita
1523 2011 1653 2078 Romae
1678 2013 1844 2080 saevitiae
1868 2013 1996 2082 domini

336 2117 476 2184 fortiter
498 2139 574 2186 eum
598 2117 807 2184 obstiturum
832 2137 906 2182 esse
928 2120 1103 2204 putarent,
1127 2113 1266 2183 disertis
1289 2115 1403 2182 verbis
1427 2139 1453 2182 c.
1477 2117 1519 2182 40
1544 2121 1697 2183 extremo
1720 2117 1790 2202 (cll.
1807 2115 1863 2200 39)
1887 2117 1994 2184 tradi·

335 2226 409 2288 tum
431 2221 588 2306 legimus.
634 2217 771 2308 anque
794 2219 887 2286 inter
908 2219 1037 2286 stoicae
1070 2219 1263 2306 sapientiae
1298 2217 1470 2286 studiosos
1493 2219 1675 2309 plerosque
1707 2221 1816 2288 fuisse
1851 2228 1888 2288 et
1921 2221 1995 2310 ipso

335 2349 400 2415 quo
424 2325 478 2392 hic
502 2325 616 2392 utitur
638 2326 821 2392 ambitionis
839 2323 1005 2391 vocabulo
1023 2329 1058 2390 et
1074 2328 1179 2406 tecta,
1203 2345 1305 2412 quam
1322 2345 1384 2412 per
1400 2329 1513 2390 totum
1527 2323 1653 2390 librum
1672 2323 1814 2392 institui
1827 2321 1994 2409 videmus,

335 2429 465 2496 stoicae
499 2429 717 2515 arrogantiae
751 2428 1015 2518 reprehensione
1045 2427 1230 2494 indicatur.
1285 2427 1344 2494 Ita
1376 2449 1401 2492 o.
1434 2427 1456 2493 4
1494 2425 1745 2516 philosophiam
1784 2451 1805 2495 a
1836 2435 1996 2497 senatore

334 2532 491 2598 Romano
513 2555 580 2599 non
597 2531 757 2598 funditus
777 2555 849 2600 esse
869 2529 1135 2599 exhauriendam
1152 2531 1340 2614 modumque
1354 2553 1393 2596 cn
1409 2553 1446 2596 ea
1465 2532 1663 2598 retinendum
1681 2553 1756 2600 esse
1781 2535 1994 2621 pronuntiat,

335 2659 362 2702 c.
386 2637 407 2702 8
430 2635 540 2702 soceri
561 2636 760 2724 obsequium
793 2635 946 2716 extollit,
983 2635 1054 2702 c.9
1084 2633 1196 2702 famae
1228 2633 1333 2700 etiam
1363 2634 1468 2701 bonos
1499 2635 1679 2722 indulgere
1711 2637 1878 2725 queritur,
1903 2661 1930 2706 c.
1954 2638 1996 2705 29

334 2737 520 2806 stoicorum
544 2733 709 2825 ἀταραξίαν
732 2739 767 2805 in
791 2740 993 2806 vulneribus
1016 2739 1212 2808 domesticis
1236 2739 1389 2808 exhiberi
1411 2746 1528 2808 monet
1549 2740 1606 2826 (cf.
1622 2739 1775 2829 Epictat.
1789 2743 1950 2810 enchirid.
1963 2744 1993 2810 8.

334 2843 385 2910 15.
411 2842 460 2909 19.
485 2843 550 2927 33),
585 2864 696 2932 aqua
720 2849 791 2910 tam
814 2845 915 2930 longe
939 2843 1105 2930 Agricola
1128 2843 1259 2911 afuerit
1290 2865 1393 2932 quam
1416 2865 1437 2910 a
1460 2844 1684 2912 muliebribus
1707 2846 1877 2929 lamentis,
1907 2868 1996 2936 qnae

334 2946 589 3029 aQnintiliauo
611 2971 757 3036 prooem.
777 2947 839 3014 VI.
864 2949 975 3014 effusa
997 2948 1140 3034 legerat.
1172 2947 1288 3037 Atque
1311 2948 1346 3013 in
1370 2947 1487 3014 eadem
1511 2948 1686 3016 sententia
1708 2949 1875 3038 perstitit.
1906 2949 1996 3018 Nam

334 3051 402 3118 etsi
423 3051 536 3119 lenius
559 3053 600 3118 de
624 3051 807 3119 stoicorum
830 3053 1093 3141 cynicorumque
1115 3051 1330 3141 philosophia
1353 3051 1494 3132 iudicat,
1518 3057 1635 3119 tamen
1657 3073 1734 3118 ann.
1754 3052 1820 3135 ΠΙ,
1844 3055 1886 3120 66
1909 3054 1995 3120 mul-

333 3161 449 3222 torum
464 3159 615 3223 termnum
627 3158 871 3241 festinationem
892 3156 1124 3245 reprehendit,
1138 3158 1338 3223 ambitiosam
1347 3153 1514 3222 Demetrii
1533 3152 1648 3243 cynici
1665 3155 1880 3238 defossionem
1896 3163 1996 3224 notat

334 3257 415 3325 hist.
433 3259 495 3341 IV,
515 3261 568 3342 40,
588 3259 788 3327 Helvidium
805 3265 940 3348 patrem
954 3261 1071 3342 sumac
1100 3261 1345 3342 adpetentiorem
1367 3281 1443 3326 esse
1467 3258 1578 3326 tradit
1600 3258 1681 3324 hist.
1697 3257 1759 3340 IV,
1780 3260 1809 3342 5,
1834 3259 1990 3343 Rustico,

337 3362 435 3429 cuius
459 3365 672 3448 dignationem
693 3359 775 3431 hist.
799 3363 867 3446 ΙΙΙ,
891 3365 934 3432 80
956 3362 1106 3446 extollit,
1131 3386 1208 3430 ann.
1232 3363 1330 3444 XVI,
1359 3364 1402 3430 26
1431 3364 1635 3445 cupiditatem
1667 3363 1774 3430 laudis
1797 3365 1992 3452 exprobrat,

333 3465 521 3533 Thraseam
545 3469 706 3551 eneneplar
727 3491 820 3535 veroa
840 3470 963 3554 gloriae
985 3466 1080 3553 (hist.
1097 3467 1144 3548 II,
1168 3469 1234 3552 91),
1260 3472 1296 3533 et
1312 3467 1516 3552 firmitudine
1537 3469 1639 3532 unicui
1661 3473 1690 3532 et
1711 3489 1749 3532 ne
1770 3468 1876 3551 pieria
1899 3471 1995 3534 inter·

334 3571 450 3637 rideret
473 3571 579 3638 libere
603 3571 639 3637 in
663 3579 788 3638 senatu
808 3571 963 3640 locutum
987 3593 1061 3639 ease
1084 3571 1195 3638 refert
1226 3573 1319 3654 (anu.
1343 3567 1439 3650 XIV,
1463 3569 1515 3634 49.
1541 3568 1596 3635 cll.
1620 3567 1717 3648 XIV,
1743 3568 1812 3652 12),
1846 3569 1993 3652 dubitat,

334 3697 378 3741 un
401 3677 494 3742 liceat
514 3679 597 3742 inter
619 3677 787 3758 abruptum
810 3679 1037 3742 contumacium
1069 3683 1099 3741 et
1129 3674 1275 3756 defornre
1298 3673 1479 3756 obsequium
1506 3693 1642 3756 perpere
1674 3675 1733 3737 iter
1766 3673 1935 3739 utnbr'ticne
1957 3695 1995 3739 uo

328 3782 486 3862 perieulis
508 3801 642 3845 nocuum
665 3781 756 3864 (ann.
781 3777 842 3860 IV,
867 3780 933 3862 20),
957 3779 1082 3868 quique
1105 3777 1157 3844 ita
1180 3781 1333 3863 egerant,
1357 3774 1553 3861 gravissimi
1577 3773 1726 3862 exempli
1757 3781 1915 3842 auctores
1939 3775 1995 3843 ad-

334 3882 491 3964 miratur,
514 3881 683 3970 Lepidum
706 3880 930 3970 Pisonemque
961 3886 1055 3966 (ann.
1086 3881 1147 3960 IV,
1182 3881 1234 3946 20.
1265 3877 1328 3961 VI,
1361 3879 1425 3962 10).
1470 3877 1590 3966 Neque
1613 3884 1729 3946 tamen
1752 3878 1879 3945 idcirco
1903 3879 1995 3946 viros

334 3985 569 4052 sanctissimos
600 4008 667 4051 non
699 3985 813 4071 diligit
835 4007 874 4052 ac
900 3991 1094 4065 veneratur,
1136 3985 1238 4050 immo
1261 3987 1361 4049 tanto
1392 3983 1530 4050 illorum
1566 3982 1847 4050 condemnatione
1878 3983 1994 4050 dolore

334 4088 494 4170 afficitur,
531 4095 572 4156 ut
601 4089 811 4178 reliquorum
838 4089 1011 4156 hominum
1046 4087 1248 4168 illustrium,
1288 4087 1347 4175 qui
1386 4107 1407 4154 a
1437 4086 1635 4154 Domitiano
1669 4086 1848 4154 interfecti
1884 4093 1994 4170 arant,

336 4198 478 4281 praeter
500 4192 653 4260 Civicam
677 4217 744 4260 non
768 4193 969 4274 meminerit,
994 4193 1054 4260 sed
1077 4197 1193 4259 tamen
1216 4191 1417 4279 adspersum
1442 4191 1618 4258 innocenti
1641 4191 1809 4278 sanguine
1825 4197 1993 4274 senatum,

335 4319 403 4363 non
426 4302 620 4363 recreatum
642 4321 715 4365 esse
736 4297 902 4388 queritur.
935 4297 1009 4363 Iam
1024 4317 1117 4378 vero,
1141 4296 1171 4362 si
1193 4317 1281 4383 quae
1305 4295 1346 4361 de
1364 4315 1447 4361 suae
1469 4295 1599 4361 aetatis
1612 4293 1806 4361 rationibus
1821 4295 1996 4362 sentiebat

334 4421 489 4489 quaeque
520 4406 614 4468 recte
645 4425 681 4468 se
711 4402 836 4470 habere
868 4423 888 4466 a
918 4423 1033 4468 socero
1058 4399 1228 4466 didicerat
1255 4437 1298 4446 -
1326 4421 1438 4465 nonne
1470 4402 1587 4464 antem
1616 4403 1710 4464 recte
1740 4419 1781 4464 ac
1804 4397 1996 4486 prudenter

334 4503 505 4570 iudicasse
528 4506 709 4592 putasl-
728 4511 764 4572 et
786 4505 821 4571 in
844 4505 954 4594 primo
977 4525 1076 4594 quem
1097 4503 1207 4570 edidn
1226 4501 1308 4568 novi
1330 4501 1467 4588 generis
1490 4501 1607 4567 libello
1632 4501 1726 4568 etin
1749 4503 1883 4587 magnis
1907 4525 1994 4590 quaa

334 4610 456 4674 secuta
479 4614 563 4674 sunt
585 4608 817 4675 voluminibus
840 4609 973 4698 pariter
995 4607 1171 4696 professus
1195 4611 1258 4686 est,
1290 4603 1358 4670 nisi
1382 4602 1472 4693 quod
1494 4610 1597 4670 vetus
1632 4608 1759 4685 orator,
1791 4605 1827 4672 in
1850 4605 1997 4672 historia

334 4711 722 4780 recensvehementiore
739 4712 883 4802 quodam
907 4711 1013 4778 animi
1035 4711 1165 4797 impetu
1189 4707 1403 4776 concitatur:
1427 4729 1514 4796 quae
1538 4705 1678 4774 tandem
1695 4729 1800 4774 causa
1824 4707 1995 4794 excogita·

334 4819 403 4896 tur,
426 4836 489 4881 cnr
510 4837 597 4904 quae
620 4821 726 4904 prout
748 4838 803 4883 rea
827 4815 962 4883 ferebat
984 4813 1235 4903 posterioribus
1259 4812 1293 4878 in
1317 4811 1415 4877 libris
1437 4811 1593 4900 profiteri
1616 4833 1681 4877 non
1706 4810 1854 4894 destltit,
1880 4811 1997 4878 eadem

1787 4917 1819 4967 3*
