4836 5488
1250 425 1291 490 18

1166 519 1373 528 -α--ι-ο

440 641 625 730 Agricolae
649 639 768 706 abesse
792 637 834 702 ab
858 633 984 702 iudicio
1007 633 1146 701 licuerit
1168 657 1211 700 an
1236 632 1294 700 ille
1318 654 1451 721 quoque
1475 629 1578 698 triste
1602 626 1747 714 virginis
1771 623 1977 713 supplicium
2013 645 2099 689 com·

439 743 649 836 probaverit,
673 765 740 808 non
764 743 910 806 constat.
958 736 1057 819 Quod
1080 738 1111 804 si
1133 737 1227 817 fecit,
1252 736 1438 803 stoicorum
1462 739 1554 803 certe
1577 730 1873 820 reprehensionem
1897 726 2056 796 incurrit.

596 847 682 914 Post
705 844 923 912 consulatum
946 847 1062 908 autem
1083 841 1214 922 Tacito,
1239 841 1270 906 si
1293 840 1473 908 consilium
1495 838 1660 906 historias
1689 833 1859 904 scribendi
1892 831 2098 910 distulisset,

442 951 525 1042 quid
548 972 687 1040 sperare
710 946 837 1014 licuit?
860 969 1019 1013 curamue
1043 946 1195 1035 aliquam
1218 945 1456 1012 consularem?
1490 966 1534 1010 an
1566 940 1779 1031 provinciam
1809 937 1980 1028 quandam
2003 956 2101 1024 prae·

441 1056 565 1124 toriam
590 1077 607 1122 e
630 1051 814 1122 senatoriis
837 1051 1068 1118 sortiendam?
1091 1050 1180 1118 exile
1204 1071 1286 1116 sane
1310 1071 1462 1116 summae
1496 1047 1667 1114 oratoriae
1695 1044 1810 1112 laudis
1843 1048 1880 1110 et
1908 1040 2102 1110 industriae

441 1158 651 1249 praemium;
677 1179 720 1223 an
744 1154 1024 1244 proconsulatum
1047 1177 1109 1243 per
1125 1153 1316 1243 quindecim
1330 1176 1446 1236 annos,
1471 1176 1537 1241 quo
1560 1158 1635 1219 tum
1652 1149 1765 1239 spatio
1788 1149 1858 1216 fere
1881 1144 2102 1214 aconsulatu

443 1263 679 1344 dirimebatur,
713 1259 932 1347 expectaret?
976 1257 1064 1328 Nam
1097 1258 1306 1345 legationem
1337 1257 1551 1325 consularem
1573 1276 1781 1342 magnosque
1804 1251 1977 1320 exercitus
2000 1249 2102 1336 impe-

444 1371 541 1434 rator
564 1365 614 1431 rei
638 1363 801 1430 militaris
823 1362 1063 1450 peritissimus,
1088 1363 1214 1452 quique
1238 1363 1306 1429 iam
1327 1362 1532 1449 longinquas
1557 1358 1789 1448 expeditiones
1812 1354 2047 1434 meditaretur,
2072 1355 2104 1418 ci

444 1467 574 1536 homini
589 1468 649 1534 vix
665 1466 860 1534 traditurus
880 1471 966 1549 erat,
991 1467 1047 1556 qui
1068 1489 1110 1534 ne
1134 1467 1194 1533 uni
1210 1466 1347 1556 quidem
1366 1464 1495 1551 legioni
1510 1463 1730 1552 praefuisset.
1755 1460 1874 1548 Neque
1896 1455 2101 1544 negaverim,

447 1577 646 1659 pertaesum
670 1569 821 1636 fortasse
853 1591 927 1648 esse
959 1569 1072 1636 virum
1103 1569 1346 1656 gravissimum
1378 1568 1536 1636 levitatis
1572 1573 1607 1635 et
1635 1563 1851 1654 petulantiae
1893 1566 2102 1642 senatorum,

446 1697 548 1764 quem
572 1672 804 1761 compluribus
827 1673 911 1740 locis
934 1675 977 1740 ab
1000 1673 1126 1740 Hausio
1150 1673 1248 1761 adp.
1272 1673 1345 1746 XII
1368 1672 1522 1740 collectis
1544 1669 1679 1736 Plinius
1702 1666 1932 1755 conqueritur.

601 1777 685 1843 Illos
708 1781 825 1844 autem
847 1775 984 1844 libellos
1004 1800 1081 1844 cum
1101 1777 1210 1844 medio
1229 1778 1265 1844 in
1286 1799 1389 1844 cursu
1408 1776 1573 1843 honorum
1593 1773 1746 1854 ediderit,
1771 1775 1893 1858 sponte
1908 1767 2105 1855 legentibus

445 1882 622 1949 suboritur
644 1880 767 1968 opinio,
793 1903 869 1946 cum
892 1901 930 1946 re
952 1881 1091 1968 publica
1112 1882 1165 1948 ita
1188 1881 1296 1948 fuisse
1318 1881 1539 1969 aliquatenus
1563 1877 1772 1956 coniunctos,
1808 1879 1849 1940 ut
1879 1878 2001 1940 auctor
2023 1868 2105 1959 quid

446 1987 489 2052 de
512 1984 709 2052 condicione
731 1983 866 2070 imperii
882 1983 1031 2054 sentiret
1054 2007 1222 2074 quamque
1246 1985 1281 2051 in
1300 2007 1414 2052 rerum
1429 1982 1590 2050 memoria
1608 1981 1779 2047 rationem
1797 1983 1889 2046 esset
1911 1979 2105 2054 secuturus,

445 2088 625 2156 indicaret.
670 2087 800 2154 Levius
823 2093 878 2156 est
900 2088 990 2178 quod
1012 2089 1049 2154 in
1073 2089 1149 2156 vita
1172 2088 1280 2156 soceri
1302 2087 1517 2168 Frontinum,
1553 2085 1725 2153 consulem
1749 2081 1969 2162 ordinarium,
1992 2078 2106 2146 virum

446 2215 609 2279 magnum
632 2191 835 2280 appellavit,
870 2193 1013 2278 gravius
1037 2193 1127 2281 quod
1150 2198 1334 2280 utrumque
1358 2193 1610 2280 imperatorem,
1645 2212 1665 2255 a
1699 2188 1822 2278 quibus
1853 2208 1930 2252 oum
1963 2188 2107 2249 senatus

447 2295 621 2382 dignitate
650 2296 796 2362 libertas
831 2296 999 2363 restituta
1032 2302 1117 2380 erat,
1156 2297 1269 2386 priore
1297 2297 1416 2364 libello
1449 2295 1617 2376 laudavit,
1658 2292 1762 2361 alteri
1794 2289 1936 2358 'l'raiani
1969 2289 2107 2375 gratam

448 2400 655 2468 mentionem
679 2399 873 2480 admiscuit,
896 2399 1139 2486 grarrissimum
1171 2401 1262 2491 quod
1285 2400 1326 2468 de
1349 2401 1511 2468 universa
1540 2422 1577 2466 re
1611 2397 1750 2486 publica
1780 2392 1990 2463 sententiam
2012 2390 2106 2458 tulit

450 2502 551 2585 Quod
574 2503 704 2570 duobus
734 2501 819 2569 locis
849 2503 989 2572 videtur
1010 2504 1144 2587 fecisse,
1179 2505 1292 2593 specie
1327 2504 1418 2570 inter
1451 2526 1487 2570 se
1520 2501 1714 2582 simillimis,
1749 2522 1785 2566 re
1816 2497 1971 2566 diversis.
2016 2496 2109 2564 Uta

452 2607 600 2676 Cimbris
623 2631 721 2674 orsus
745 2629 854 2696 usque
877 2607 921 2674 ed
944 2631 1042 2675 suam
1064 2615 1215 2676 aetatem
1238 2607 1429 2676 Germanos
1452 2607 1554 2684 vinci,
1577 2629 1645 2672 non
1668 2604 1834 2672 debellari
1857 2602 1970 2671 Germ.
1994 2604 2035 2670 37
2058 2601 2110 2668 ite

450 2710 644 2778 admiratur
667 2717 832 2800 utquam
855 2711 999 2778 arduum
1023 2735 1108 2801 opus
1125 2735 1146 2780 a
1161 2712 1310 2779 Traiano
1328 2717 1525 2801 susceptum
1547 2709 1603 2793 sit,
1627 2715 1720 2777 tecte
1745 2706 1926 2794 significet,
1951 2708 2001 2774 ita
2018 2730 2044 2773 c.
2068 2705 2109 2772 33

449 2815 698 2882 Bructerorum
730 2815 861 2882 cladem
896 2815 975 2882 dum
1009 2824 1261 2901 commemorat,
1301 2817 1345 2884 ad
1372 2825 1491 2886 votum
1515 2815 1604 2883 illud
1637 2811 1932 2904 pronuntiandum
1955 2811 2110 2878 defertur

450 2926 577 2985 ruanect
598 2941 714 3001 quaeso
737 2921 887 3003 duretque
907 2924 1062 3006 pertibus,
1085 2927 1116 2989 si
1137 2945 1201 2990 rou
1223 2947 1313 2990 curor
1332 2927 1443 3003 austri,
1467 2931 1500 2988 at
1519 2929 1600 2988 certe
1618 2921 1726 2986 odium
1745 2921 1807 2998 sui,
1830 2939 1972 3006 prorsus
1994 2915 2111 2982 eodem

451 3020 550 3088 modo
574 3043 639 3108 quo
663 3023 777 3090 annal.
802 3022 869 3106 ΙΙΙ,
894 3026 936 3090 ὅὸ
959 3047 1042 3092 suae
1066 3032 1102 3093 et
1125 3027 1289 3116 antiquae
1312 3025 1441 3094 aetatis
1473 3019 1761 3113 comparationem
1796 3021 1837 3088 de
1867 3021 1952 3087 luxu
1975 3041 2113 3086 mensae

452 3126 592 3192 locutus
616 3125 669 3191 his
692 3127 807 3194 verbis
831 3127 1023 3196 concludit:
1048 3152 1157 3196 uerum
1179 3133 1256 3197 baeu
1277 3133 1369 3197 uobis
1391 3133 1565 3196 certamina
1587 3151 1625 3194 cu
1648 3129 1773 3194 borresto
1796 3133 1952 3192 mamert.
1991 3122 2111 3213 Neque

451 3231 557 3298 aliter
578 3229 703 3298 Livius
726 3230 857 3312 XXVI,
882 3232 924 3298 22
947 3234 1158 3300 memorabili
1182 3233 1327 3303 virtutis
1361 3239 1397 3301 et
1419 3233 1608 3301 modestiae
1631 3233 1785 3320 exemplo
1812 3229 1944 3297 tradito
1974 3230 2111 3308 cludant,

453 3335 633 3416 exclamat,
656 3357 740 3402 nuuc
762 3339 894 3418 antique
916 3339 1078 3420 uriraruee,
1104 3361 1204 3428 quem
1227 3339 1339 3406 locum
1363 3344 1400 3406 et
1421 3339 1536 3405 annal.
1560 3336 1622 3418 IV,
1647 3336 1688 3403 33
1720 3343 1756 3404 et
1782 3335 1931 3403 fortasse
1953 3333 2009 3400 hic
2032 3355 2112 3422 quo·

455 3461 520 3526 que
544 3439 694 3526 scriptor
723 3439 924 3506 recordatus
958 3446 1022 3508 est.
1068 3441 1120 3510 At
1142 3467 1224 3511 vero
1259 3466 1326 3511 non
1349 3443 1481 3510 mediae
1513 3439 1707 3509 narrationi
1739 3440 1997 3528 adsperguntur
2026 3459 2114 3526 qnae

453 3543 536 3628 Agr.
560 3543 603 3609 42
626 3543 791 3630 legimus:
827 3548 932 3613 scicut
955 3547 1068 3630 quibus
1090 3552 1190 3614 moris
1213 3555 1260 3615 est
1281 3550 1406 3616 inlicita
1427 3550 1554 3629 ruircre',
1582 3567 1680 3629 posse
1703 3550 1797 3612 ctiam
1826 3547 1884 3611 sub
1907 3547 2003 3610 malis
2020 3545 2114 3625 priu-

455 3649 580 3729 ce'pibus
602 3669 734 3732 rucqnm
756 3652 843 3716 viros
865 3673 941 3732 esse,
964 3653 1205 3737 obsequiumque
1227 3675 1264 3718 cc
1286 3654 1481 3732 modestiam,
1512 3655 1543 3717 si
1564 3652 1726 3717 industria
1748 3671 1785 3717 ae
1807 3653 1897 3735 viqor
1927 3650 2044 3728 austu,
2080 3669 2114 3713 eo

458 3751 566 3816 laudis
589 3753 742 3832 accedere,
778 3775 838 3836 quo
855 3755 1002 3839 plerique
1018 3778 1081 3838 per
1103 3759 1248 3838 abrupta,
1282 3757 1339 3822 sed
1361 3763 1395 3822 iu
1416 3755 1541 3822 nullum
1570 3757 1785 3838 reipublicae
1811 3777 1912 3836 usum,
1946 3754 2115 3819 auditura

454 3863 554 3921 morte
576 3857 801 3923 inclaruerunt.
842 3856 1058 3925 Sententiam
1081 3859 1228 3926 similem
1252 3857 1382 3926 Seneca
1406 3861 1600 3947 protulerat
1623 3859 1665 3925 de
1687 3857 1867 3947 tranquill.
1893 3856 1999 3923 animi
2022 3833 2113 3938 0513:
2199 3867 2214 3933 ᾗ

456 3968 492 4026 ut
513 3963 600 4026 scias
623 3967 652 4026 ct
674 3962 707 4024 irc
731 3962 859 4046 afflictu
893 3985 928 4029 re
952 3965 1088 4046 publico
1109 3987 1176 4030 esse
1207 3969 1402 4032 occasionem
1435 3967 1573 4046 sapienti
1602 3966 1672 4030 viro
1702 3963 1746 4028 cd
1777 3985 1811 4028 se
1836 3961 2114 4045 proferenduml).

456 4063 586 4131 Verum
609 4063 697 4131 hano
720 4065 768 4132 ibi
799 4066 999 4148 collocavit,
1032 4068 1091 4134 ubi
1114 4074 1311 4136 enarratam
1334 4069 1443 4136 soceri
1465 4068 1575 4136 vitem
1598 4067 1749 4134 absolvit
1760 4069 1796 4151 2).
1842 4064 1932 4132 Nam
1963 4065 2005 4131 iis
2028 4085 2116 4153 quae

457 4173 653 4255 sequuntur
676 4191 767 4234 mors
778 4168 965 4256 Agricolae
989 4169 1197 4238 describitur
1219 4178 1256 4239 et
1279 4173 1520 4261 comploratur.
1555 4171 1680 4259 Itaque
1704 4191 1791 4260 quae
1810 4169 1919 4237 fuerit
1933 4170 2116 4258 pervitam

458 4276 662 4338 consecutus
693 4277 729 4338 et
767 4273 890 4360 quibus
912 4274 1105 4341 virtutibus
1128 4277 1233 4342 etiam
1261 4275 1419 4363 pessimis
1450 4275 1661 4362 temporibus
1695 4295 1841 4361 magnus
1864 4274 1919 4340 vir
1949 4273 2116 4355 extiterit,

458 4374 558 4462 quasi
581 4397 714 4442 summa
737 4376 907 4444 subducta
930 4378 1272 4466 comprehenduntur.
1296 4378 1548 4447 Professionem
1567 4377 1647 4444 fidei
1660 4377 1749 4443 banc
1771 4376 1928 4466 appellat
1942 4375 2116 4458 Wulclu’us,

617 4621 639 4688 ¹)
665 4619 818 4672 Oratorium
836 4623 894 4672 voti
914 4621 1069 4687 proferendi
1093 4623 1198 4675 modum
1217 4625 1245 4674 in
1270 4623 1437 4674 orationibus
1461 4623 1583 4687 reperiri,
1608 4621 1683 4672 velut
1709 4637 1737 4671 rn
1761 4621 1882 4671 oratione
1902 4620 2036 4671 Thraseae
2055 4635 2116 4672 ann.

459 4706 517 4768 XV,
536 4708 567 4756 21
587 4712 696 4759 cremor
709 4707 924 4774 prouincialibus
943 4715 970 4760 et
988 4711 1017 4760 iu
1038 4711 1120 4762 Plinii
1138 4725 1234 4777 paneg.
1254 4711 1296 4764 31,
1315 4709 1404 4762 ducat
1421 4708 1561 4776 Aegyptus
1579 4724 1631 4760 nou
1650 4711 1692 4759 est
1711 4705 1780 4773 quod
1800 4721 1928 4757 moneam.

617 4793 642 4860 ²)
660 4795 700 4846 Cf.
720 4792 802 4846 Peter
820 4793 852 4847 ad
871 4797 896 4846 h.
915 4797 933 4848 1.
