4836 5488
1273 477 1315 543 10

1190 562 1395 579 -l————

460 685 631 768 iudicibus
654 687 841 772 comparat.
887 681 1029 752 Scilicet
1058 687 1143 751 tunc
1165 679 1299 774 quoque
1337 682 1434 750 curia
1463 683 1607 750 armatis
1637 681 1849 750 circumdata
1879 681 1984 750 etiam
2015 683 2121 750 bonos

460 811 569 877 pavor
591 794 822 878 occupaverat
844 789 881 874 (l.
899 777 948 872 l),
970 811 1061 854 nunc
1087 788 1247 876 princeps
1268 787 1343 875 ipse
1366 786 1488 854 aderat
1508 787 1546 853 in
1568 792 1690 854 senatu
1713 792 1936 876 experturum
1959 809 1996 854 se
2018 809 2122 876 quam

461 915 564 962 carus
587 895 680 960 esset
702 892 841 959 senatui
862 891 1049 981 professus,
1081 891 1151 960 reis
1174 892 1280 958 etiam
1301 891 1543 980 praesentibus
1566 892 1610 958 ab
1637 891 1896 960 accusatoribus
1926 912 2049 958 manus
2072 891 2121 957 in·

461 998 700 1066 tentabantur.
745 995 798 1062 Ne
828 995 1023 1063 forensibus
1053 995 1190 1084 quidem
1213 995 1328 1062 causis
1350 995 1478 1062 famam
1500 995 1724 1084 propagabat,
1749 994 1780 1062 si
1801 993 1937 1084 quidem
1959 996 2123 1061 silentium

454 1104 531 1187 sori
553 1101 637 1189 Agr.
662 1101 683 1168 3
707 1101 917 1168 astreas
940 1099 1184 1186 intellegimus,
1208 1113 1288 1166 nam
1310 1104 1489 1188 poetarum
1514 1104 1550 1166 et
1572 1103 1747 1166 oratorum
1770 1103 1866 1166 artes
1889 1101 1964 1164 tum
1987 1119 2121 1187 quoque

461 1207 621 1273 floruisse
645 1208 793 1285 constat,
816 1226 837 1270 a
859 1202 1169 1270 centumviralibus
1191 1202 1329 1270 iudiciis
1352 1225 1414 1270 cur
1436 1201 1629 1270 abstineret
1651 1223 1758 1268 causa
1779 1202 1878 1270 nulla
1899 1207 1985 1269 erat.
2024 1199 2121 1282 Quae

462 1314 594 1400 quanta
617 1312 764 1375 mentem
779 1307 998 1396 animumque
1016 1305 1234 1394 aegritudine
1252 1306 1443 1388 affecerint,
1467 1305 1750 1395 eloquentissima
1764 1305 1906 1395 querela
1920 1303 2122 1372 declaravit.

462 1412 589 1480 Veram
613 1417 729 1478 antem
752 1410 964 1478 miserrimae
988 1415 1130 1478 senatus
1153 1410 1361 1478 condicionis
1383 1409 1567 1496 imaginem
1588 1409 1736 1477 describi
1760 1408 1835 1477 loeo
1861 1431 2002 1498 prorsus
2017 1407 2124 1475 simili

462 1513 569 1581 Plinii
591 1513 832 1601 comprobatur
854 1534 906 1601 ep.
930 1512 1031 1595 VIII,
1056 1514 1106 1596 14,
1130 1515 1168 1580 8:
1193 1519 1419 1598 prosperrimus
1442 1518 1573 1592 curiam,
1596 1515 1653 1580 sed
1675 1517 1798 1580 cumam
1820 1515 1974 1597 trepidem
1996 1521 2025 1580 et
2046 1515 2124 1579 elin·

459 1640 561 1705 quem,
592 1639 663 1684 cum
684 1619 789 1684 dicere
818 1619 902 1702 quod
932 1619 1028 1684 velles
1044 1620 1273 1701 peractorum,
1307 1619 1392 1702 qaod
1412 1619 1514 1684 nolles
1543 1621 1696 1684 miseram
1726 1625 1807 1684 esset
1829 1668 1836 1682 .
1862 1667 1870 1683 .
1895 1638 1965 1683 arm
1994 1625 2123 1684 scamas

462 1731 518 1790 aar
539 1723 583 1790 ad
605 1725 703 1789 otium
735 1743 892 1788 saranum
915 1725 1031 1811 (quam
1053 1721 1211 1788 desidiam
1235 1721 1391 1810 appellat
1411 1719 1570 1806 Tacitus)
1593 1729 1649 1788 aut
1670 1721 1714 1787 ad
1734 1743 1891 1787 summam
1913 1722 2010 1805 nasas
2032 1743 2123 1789 voco·

462 1835 551 1894 retar
585 1835 613 1893 et
641 1827 733 1893 modo
765 1827 904 1892 ludibrio
935 1825 1027 1892 modo
1057 1824 1162 1891 dolori
1191 1833 1330 1892 retentus
1359 1846 1532 1908 aumqesam
1560 1828 1662 1906 seria,
1695 1827 1802 1891 tristia
1830 1845 1925 1907 saepe
1958 1826 2124 1893 emeret?

462 1930 570 1996 eadem
592 1930 680 1995 atala
703 1932 767 1995 ium
789 1936 960 2010 sanatam,
994 1931 1059 1994 ium
1085 1931 1264 2011 participes
1286 1929 1444 1996 maloram
1466 1931 1582 1996 multos
1608 1951 1669 2011 per
1691 1951 1793 1995 annos
1815 1929 1954 1994 vidimus
1976 1930 2120 1996 tulimus·

462 2055 530 2118 que,
567 2035 680 2116 quibus
709 2036 840 2118 inperio
869 2035 1037 2099 nostruin
1059 2040 1226 2115 posteram
1255 2055 1375 2116 qaoque
1402 2033 1545 2100 hebetato
1567 2033 1684 2117 fracta
1714 2041 1846 2099 contuso
1876 2041 1958 2100 suat.
2004 2033 2070 2100 His
2093 2033 2124 2100 si

462 2133 633 2202 addideris
656 2136 805 2202 alterum
829 2135 980 2203 eiusdem
1003 2135 1183 2224 scriptoris
1206 2136 1318 2202 locum
1340 2158 1461 2224 paneg.
1486 2138 1546 2203 76:
1570 2139 1641 2220 qais
1664 2143 1757 2202 onae
1787 2137 1882 2219 loqui,
1913 2138 1984 2220 qas's
2004 2136 2125 2203 besem

462 2241 600 2307 cadebat
616 2247 746 2324 praeter
767 2243 901 2307 miseros
923 2241 1007 2320 illos,
1031 2243 1085 2323 qai
1101 2242 1206 2322 primi
1226 2241 1532 2325 interrogatorum?
1560 2239 1663 2307 Ueteri
1686 2240 1811 2324 quidem
1827 2241 1924 2324 deseri
1946 2247 1975 2306 et
1997 2242 2123 2306 aderiti

462 2347 569 2426 ipsam
598 2345 690 2409 illam
712 2350 832 2410 matam
861 2349 891 2408 et
918 2343 1132 2408 sedentariam
1162 2345 1355 2410 &sedandi
1376 2348 1593 2411 occasuram
1616 2367 1675 2428 quo
1699 2365 1771 2410 cam
1792 2343 1900 2410 dolore
1922 2345 2031 2424 animi,
2063 2364 2124 2426 qrto

461 2468 533 2512 cum
569 2450 666 2513 totius
704 2449 851 2530 corporis
890 2447 1022 2513 terrm
1046 2448 1323 2532 perpetiebantur5
1366 2446 1500 2514 videbis
1533 2451 1719 2535 utrumque
1757 2451 1951 2514 senatorem
1990 2445 2125 2514 eosdem

463 2573 585 2618 sensus
615 2549 735 2617 iisdem
757 2550 831 2616 fere
853 2549 969 2616 verbis
993 2551 1192 2639 exprimere.
1239 2551 1352 2640 Atqui
1382 2552 1514 2640 scripta
1544 2556 1628 2618 sunt
1658 2552 1871 2640 temporibus
1901 2549 2124 2632 diverssimis,

463 2677 484 2721 a
506 2653 629 2721 Tacito
651 2677 682 2721 a.
704 2655 755 2736 98,
780 2677 856 2720 cnm
879 2651 1012 2720 duobus
1034 2658 1110 2720 tum
1132 2654 1248 2722 decem
1270 2655 1344 2722 fere
1367 2654 1469 2722 annis
1491 2659 1572 2744 post
1594 2676 1615 2720 a
1637 2652 1760 2721 Plinio.
1805 2653 1930 2743 Itaque
1951 2677 2019 2721 non
2042 2660 2125 2722 tem·

463 2757 558 2847 poris
589 2779 695 2824 causa
724 2762 766 2824 ut
788 2757 903 2824 nescio
926 2755 1008 2845 quid
1031 2757 1088 2824 vel
1110 2757 1383 2848 adsequerentur
1405 2760 1463 2826 vel
1487 2763 1694 2852 excusarent
1715 2757 1784 2824 viri
1806 2758 2014 2838 consulares,
2044 2780 2126 2844 quo-

463 2885 539 2929 rum
563 2863 713 2929 alterum
737 2860 862 2928 saltem
885 2859 1027 2927 Traiani
1049 2861 1293 2930 amicissimum
1315 2863 1424 2931 fuisse
1447 2868 1594 2943 constet,
1629 2861 1747 2928 eadem
1770 2859 1935 2926 damnata
1957 2881 1978 2924 a
2000 2867 2125 2924 senatu

463 2965 653 3034 decessoris
671 2965 833 3032 memoria
847 2964 1027 3053 conquesti
1042 2972 1134 3048 sunt,
1152 2966 1212 3034 sed
1230 2967 1312 3056 quia
1331 2967 1452 3034 merito
1466 2990 1503 3033 se
1518 2964 1702 3032 lamentari
1721 2962 1974 3031 existimabant.
1998 2961 2125 3028 Utrum

463 3073 558 3136 recte
574 3089 680 3134 neone
699 3067 787 3134 nihil
808 3090 936 3152 moror;
960 3069 1175 3158 nequeenim
1198 3071 1229 3137 is
1247 3093 1323 3138 sum
1341 3071 1401 3159 qui
1417 3075 1584 3159 quantum
1607 3067 1642 3134 in
1654 3066 1853 3134 Domitiano
1875 3067 1935 3156 qui
1949 3066 2124 3133 Tiberium

465 3171 705 3238 admirabatur
725 3169 1007 3260 imitabaturque,
1033 3174 1238 3260 prudentiae
1262 3179 1298 3242 et
1320 3175 1513 3242 industriae
1542 3171 1785 3262 imperatoriae
1811 3170 1929 3252 fuerit,
1960 3193 2029 3238 non
2050 3193 2126 3258 per·

462 3275 617 3365 spiciam,
642 3279 746 3364 atque
769 3297 837 3341 non
859 3297 969 3364 pauoa
992 3297 1035 3342 ex
1057 3275 1100 3344 iis
1123 3279 1523 3368 quaeDueoa-aauctan
1545 3277 1581 3344 in
1603 3276 1691 3342 libro
1715 3297 1781 3364 quo
1793 3274 1909 3342 Taciti
1925 3275 2124 3365 saeculique

462 3402 573 3447 mores
596 3379 794 3446 illustravit
816 3377 861 3445 ad
882 3377 1094 3447 definiendas
1110 3380 1301 3450 Caesarum
1324 3387 1535 3470 senatusque
1558 3385 1699 3447 mutuas
1722 3379 1874 3446 rationes
1897 3379 2020 3446 attulit
2042 3378 2126 3445 mihi

462 3481 602 3570 probari
624 3482 796 3572 profiteor.
841 3481 957 3548 Unum
980 3481 1043 3550 hoo
1075 3483 1160 3566 dico,
1194 3486 1361 3574 optimum
1391 3473 1557 3575 quemque
1588 3483 1857 3564 asenatoribus,
1892 3481 2029 3549 etiamsi
2051 3481 2124 3568 ipse

406 3609 414 3626 ·
463 3607 485 3652 a
499 3585 664 3675 principe,
688 3585 757 3652 nisi
774 3585 840 3652 sibi
859 3588 1046 3670 metuebat,
1069 3588 1235 3676 prudenti
1253 3589 1426 3657 virtutum
1443 3589 1665 3656 aestimatore
1681 3592 1858 3676 promotus
1873 3585 2125 3673 honoribusque

465 3693 589 3755 auctus
613 3693 698 3771 erat,
732 3687 822 3777 quod
845 3694 987 3756 senatus
1018 3689 1239 3778 frangeretur
1268 3715 1309 3760 ao
1332 3693 1585 3775 debilitaretur,
1619 3713 1723 3778 aegre
1744 3691 1879 3771 tulisse,
1912 3687 2080 3755 neminem
2103 3709 2125 3753 a

464 3791 715 3880 suspicionibus
737 3815 799 3860 nec
822 3815 859 3860 se
881 3814 991 3881 neque
1014 3795 1141 3862 amicos
1163 3795 1289 3863 liberos
1312 3795 1451 3864 vidisse.

621 3998 740 4088 Atque
764 3999 900 4068 eosdem
923 4001 1050 4068 amicos
1074 4001 1225 4070 Plinium
1248 4003 1475 4094 Tacitumque
1497 4003 1658 4071 babuisse
1688 4006 1763 4069 tum
1795 4024 1813 4068 e
1835 3999 1942 4067 Plinii
1965 3999 2125 4090 epistulis

465 4107 612 4190 apparet
635 4101 691 4188 (cf.
707 4103 769 4186 IV,
795 4104 845 4171 15.
871 4103 912 4186 V,
933 4106 973 4172 14
996 4106 1056 4191 al.)
1079 4112 1154 4174 tum
1174 4107 1332 4176 Dasumii
1358 4113 1568 4176 testamento
1592 4107 1843 4194 comprobatur,
1875 4105 2003 4190 (annal.
2029 4104 2122 4172 1831.

471 4206 630 4274 Witmans
653 4207 730 4292 314)
771 4208 808 4274 in
833 4230 898 4297 quo
928 4227 1067 4298 praeter
1100 4211 1187 4279 alios
1217 4211 1441 4281 nominantur
1476 4211 1637 4278 Minicius
1667 4210 1789 4276 Iustus
1821 4208 1964 4277 Corellii
2001 4209 2122 4292 affinis,

463 4307 588 4378 Iunius
610 4310 751 4395 Avitus,
773 4311 918 4380 Pontius
940 4313 1139 4398 Laelianus,
1172 4317 1268 4384 illius
1292 4317 1483 4384 consularis
1505 4315 1564 4405 qui
1586 4337 1607 4380 a
1621 4312 1796 4381 Frontone
1818 4337 1850 4402 p.
1876 4315 1938 4382 183
1955 4313 2004 4381 ed.
2023 4313 2121 4380 Rom.

465 4418 641 4503 tamquam
664 4416 719 4482 vir
740 4417 858 4502 gravis
887 4424 923 4485 et
940 4417 1070 4486 veteris
1100 4419 1303 4509 disciplinae
1325 4421 1501 4494 laudatur,
1546 4441 1633 4484 avus
1651 4418 1708 4484 vel
1724 4418 1946 4506 propinquus,
1970 4417 2125 4484 Licinius

464 4515 583 4605 Nepos
608 4519 663 4585 vir
684 4542 765 4587 acer
788 4525 825 4587 et
847 4521 950 4590 fortis
974 4521 1076 4608 (Plin.
1099 4545 1150 4611 cp.
1174 4523 1236 4607 IV,
1260 4525 1325 4610 29),
1371 4524 1509 4592 Satrius
1531 4521 1656 4603 Rufus,
1691 4521 1826 4610 Aquilii
1848 4519 1976 4608 Reguli
2006 4519 2125 4587 adver·

465 4623 582 4690 sarius
605 4623 661 4710 (V,
678 4624 743 4708 11),
773 4632 899 4714 postea
921 4627 1109 4696 mediarum
1132 4629 1168 4695 in
1192 4635 1316 4696 senatu
1337 4629 1489 4717 partium
1512 4625 1587 4711 (IX,
1614 4626 1664 4708 13,
1688 4628 1732 4711 7),
1757 4624 1919 4692 Minicius
1941 4624 2126 4691 Annianus

467 4725 755 4810 iureconsultus,
787 4729 831 4795 ad
854 4753 953 4820 quem
974 4730 1107 4799 Plinius
1131 4733 1299 4822 epistulas
1321 4733 1370 4814 Π,
1395 4732 1444 4798 16.
1468 4729 1550 4813 VII,
1585 4729 1625 4796 12
1659 4729 1793 4796 misisse
1815 4727 1964 4810 videtur,
1995 4725 2125 4795 Fabius

466 4827 644 4914 Rusticus,
669 4830 844 4901 libertatis
867 4857 984 4903 omnes
1007 4837 1244 4904 amantissimi.
1675 4817 1680 4834 ⁴
