4836 5488
1244 407 1286 472 20

1160 497 1367 508 ——

435 609 471 676 in
495 609 569 677 vita
593 611 702 679 soceri
725 612 839 680 neseio
862 636 928 702 quo
951 613 1094 680 consilio
1118 620 1216 682 extra
1239 614 1290 682 rei
1313 613 1497 684 veritatem
1521 614 1688 683 collocato
1711 615 1879 684 clamasse
1907 617 2090 686 videatur?

434 712 526 795 Quid
549 715 638 782 enim
661 715 715 782 illi
738 723 800 783 aut
823 739 939 784 socero
964 741 1040 784 eum
1064 717 1255 786 Domitiani
1276 719 1444 787 mortuis?
1485 719 1569 808 quid
1591 744 1667 786 eum
1690 719 1885 788 delatorum
1910 721 2092 790 calumniis

434 825 470 886 et
491 818 638 886 deformi
661 825 916 888 assentatorum
939 823 1120 912 obsequio?
1143 822 1226 913 quid
1250 822 1395 912 denique
1418 823 1544 890 nimiae
1567 824 1701 910 gratiae
1725 823 1757 890 ei
1780 824 1865 906 viro,
1901 824 1960 914 qui
1984 826 2026 891 ab
2050 847 2089 891 eo

432 923 588 1011 principe
610 924 797 990 honoribus
831 925 963 992 meritis
994 949 1061 993 non
1095 927 1190 994 ultra
1223 932 1423 1015 praeturam
1458 931 1602 994 ornatus
1626 933 1688 1010 est,
1727 951 1748 994 a
1782 950 1848 1016 qno
1873 928 2092 996 consulatum

433 1027 617 1094 Helvidius
640 1026 779 1094 Priscus
802 1030 1005 1117 acceperet?

589 1131 713 1221 Itaque
736 1155 799 1200 nec
822 1133 1055 1201 defensionem
1078 1134 1188 1203 edidit
1210 1134 1352 1204 Tacitus
1376 1157 1438 1202 nec
1461 1135 1753 1223 vituperationem
1784 1158 1846 1202 uec
1868 1155 1950 1201 vero
1973 1134 2092 1202 lauda·

433 1234 559 1301 tionem
583 1235 769 1304 funebrem.
802 1236 871 1319 Qui
888 1237 975 1304 enim
994 1243 1168 1305 trecentos
1187 1239 1369 1325 sexaginta
1388 1239 1517 1305 milites
1535 1243 1571 1306 et
1586 1261 1692 1304 unum
1708 1237 1917 1325 praelectum
1941 1238 2092 1305 cohortis

434 1337 469 1405 in
492 1339 622 1427 proelio
646 1339 809 1408 cecidisse
832 1341 965 1422 retulit,
988 1342 1018 1409 is
1040 1342 1163 1409 librum
1185 1341 1353 1410 historiae
1377 1342 1526 1430 scripsit.
1561 1340 1614 1409 Ne
1629 1341 1756 1408 librum
1775 1340 1912 1429 quidem
1934 1361 1975 1408 ex
1998 1347 2092 1408 utre·

433 1465 499 1530 que
520 1465 645 1529 genere
669 1445 814 1512 mixtum
837 1467 876 1512 ac
900 1447 986 1513 satis
1010 1446 1098 1512 male
1121 1445 1356 1533 compositum.
1382 1444 1419 1513 Si
1442 1445 1541 1527 enim,
1567 1450 1607 1528 ut
1629 1445 1693 1511 hoc
1715 1451 1931 1531 argumentis
1954 1446 2091 1512 aGiItl·

434 1548 532 1632 liapio
556 1548 703 1636 prolatis
728 1572 832 1616 unum
856 1549 989 1632 addam,
1013 1549 1184 1639 quandam
1207 1549 1321 1616 futuri
1343 1549 1456 1639 operis
1479 1553 1614 1637 partem
1635 1570 1703 1614 non
1739 1548 1949 1633 cogitatione
1974 1549 2033 1616 scd
2054 1572 2092 1616 re

435 1654 471 1716 et
503 1651 584 1718 stilo
616 1651 759 1720 Tacitus
793 1659 868 1721 tum
902 1653 1150 1743 praecepisset,
1186 1677 1253 1720 non
1287 1655 1468 1721 victoriam
1499 1675 1519 1719 a
1550 1651 1715 1718 Suetonio
1738 1650 1882 1718 Paulino
1912 1657 2092 1740 reportata

434 1755 623 1841 magnificis
647 1757 762 1824 verbis
786 1757 992 1836 exornanda,
1029 1757 1089 1824 sed
1112 1779 1199 1845 quae
1222 1757 1437 1846 Vespasiano
1460 1757 1653 1843 imperante
1678 1776 1698 1820 a
1721 1754 1851 1821 Ceriali
1874 1761 1996 1823 contra
2016 1755 2092 1820 Bri·

433 1864 566 1944 gantes,
605 1861 781 1948 magisque
804 1861 909 1927 etiam
931 1883 1018 1949 quae
1042 1883 1062 1926 a
1085 1859 1254 1927 Frontino
1290 1866 1411 1928 contra
1435 1859 1568 1926 Silures
1599 1857 1808 1924 fortissimos
1843 1858 1961 1926 hostes
1994 1881 2091 1947 prae-

434 1962 526 2029 clare
547 1967 648 2048 gesta
671 1969 770 2032 erant
793 1965 991 2032 accuratius
1015 1963 1209 2031 enarranda
1232 1971 1340 2031 erant.
1386 1963 1504 2053 Atque
1528 1962 1631 2028 huius
1661 1961 1798 2050 quidem
1831 1983 1896 2043 res,
1931 1961 2091 2050 queniam

434 2067 574 2134 absente
599 2067 764 2154 Agricola
788 2069 976 2136 exercitum
1000 2073 1147 2150 rexerat,
1182 2068 1281 2135 brevi
1303 2067 1406 2134 laude
1429 2065 1654 2155 perstrinxit,
1690 2065 1731 2132 de
1755 2065 1883 2132 Ceriali
1913 2065 2092 2160 plorabis

433 2171 591 2256 protulit,
616 2172 697 2259 quia
721 2171 793 2240 eius
811 2172 951 2259 legatus
961 2172 1127 2259 Agricola
1143 2173 1220 2252 fuit,
1246 2177 1281 2238 in
1293 2172 1433 2239 Paulini
1448 2171 1550 2238 bellis
1566 2171 1750 2238 narrandis
1768 2169 1905 2257 longius
1921 2175 2090 2256 evagatus

434 2279 496 2354 est,
520 2275 601 2362 quia
625 2281 661 2342 et
679 2275 774 2344 illius
788 2277 949 2345 tribunus
961 2275 1126 2364 Agricola
1143 2277 1305 2344 militaris
1321 2277 1453 2363 gloriae
1470 2275 1630 2364 cupidine
1646 2275 1808 2342 incensus
1826 2280 1879 2342 est
1898 2279 1934 2350 et
1956 2273 2090 2362 expedi·

434 2378 546 2446 tiones
570 2384 690 2446 contra
712 2379 849 2448 Menam
877 2379 1025 2448 insulam
1048 2367 1235 2471 contraque
1259 2380 1452 2448 Boudiceae
1475 2379 1592 2467 copias
1615 2383 1797 2465 susceptae
1822 2401 1897 2444 oum
1921 2377 2031 2465 primo
2055 2383 2091 2445 et

435 2479 557 2550 ultimo
580 2481 765 2568 Agricolae
789 2506 878 2551 anno
902 2492 1155 2573 comparantur.
1201 2483 1318 2572 Atque
1352 2506 1467 2550 rerum
1491 2482 1752 2549 memoriarum
1776 2481 1852 2548 vita
1875 2482 1984 2548 soceri
2015 2485 2091 2548 arte

434 2607 543 2674 neque
567 2585 692 2675 ubique
719 2587 846 2675 optime
870 2589 1052 2656 coniuncta
1074 2589 1200 2656 librum
1224 2587 1427 2675 conseripsit
1448 2585 1642 2675 aequalium
1666 2585 1710 2652 ad
1733 2585 2014 2654 consuetudinem
2038 2607 2091 2652 ac·

435 2689 693 2760 commodatum.
739 2689 878 2760 Scilicet
901 2692 937 2758 in
960 2713 1084 2779 magna
1106 2691 1271 2758 librorum
1295 2692 1535 2760 historicorum
1558 2713 1642 2779 quos
1665 2690 1728 2756 illa
1751 2695 1848 2756 aetas
1872 2695 1908 2756 et
1930 2689 2089 2756 anteDc·

434 2791 571 2860 mitiani
595 2793 859 2862 dominationem
883 2801 918 2862 et
936 2800 1015 2882 post
1031 2794 1104 2862 eius
1125 2802 1268 2862 mertem
1290 2794 1416 2863 effudit
1437 2794 1534 2882 copia
1558 2797 1633 2882 (per
1655 2793 1848 2881 quindecim
1874 2793 1963 2859 enim
1987 2815 2091 2860 anne·

435 2920 512 2964 rum
529 2897 706 2966 silentium
726 2905 866 2986 praeter
888 2899 1045 2966 infelices
1057 2899 1196 2967 Rustici
1216 2905 1252 2966 et
1264 2898 1461 2966 Senecionis
1481 2919 1581 2964 curas
1605 2918 1644 2962 ac
1657 2895 1817 2962 Frontini
1841 2902 2093 2984 strategemata

436 2999 569 3066 nullum
603 3009 792 3069 memoratu
826 3002 967 3088 dignum
999 3025 1084 3092 opus
1107 3003 1292 3086 innotuit),
1327 3002 1430 3090 pauci
1459 3001 1639 3068 historiam
1674 2999 1838 3067 historice
1867 3019 1992 3087 genere
2015 3024 2090 3089 per·

434 3103 658 3192 scripserunt,
684 3111 724 3172 ut
736 3105 878 3188 Plinius,
892 3106 1037 3174 Cluvius
1057 3107 1180 3188 Rufus,
1198 3106 1325 3173 Fabius
1337 3104 1514 3186 Rusticus,
1539 3104 1690 3172 fortasse
1700 3103 1874 3184 Messalla,
1899 3105 2002 3171 multi
2026 3129 2093 3172 non

435 3213 507 3273 tam
531 3208 572 3274 de
595 3208 697 3274 rebus
719 3210 828 3295 gestis
853 3231 954 3298 quam
977 3209 1019 3276 de
1042 3210 1234 3277 hominibus
1258 3209 1408 3276 oratorio
1438 3208 1555 3296 potius
1578 3229 1701 3294 genere
1725 3209 1782 3276 vel
1813 3209 1911 3274 nulla
1934 3215 2010 3276 arte
2033 3209 2091 3276 ad-

434 3310 545 3378 hibita
569 3309 610 3378 de
633 3334 669 3378 se
703 3312 771 3399 ipsi
804 3319 958 3398 egerunt.
1006 3313 1058 3379 Ac
1094 3314 1185 3380 tales
1219 3313 1356 3401 quidem
1390 3311 1661 3394 commentarios,
1697 3317 1738 3378 ut
1768 3317 1889 3378 vetera
1923 3313 2093 3396 omittam,

435 3415 648 3502 scripserant
671 3415 820 3484 Corbulo
844 3417 946 3502 (Plin.
970 3423 1042 3484 nat.
1067 3417 1149 3485 hat.
1172 3417 1214 3500 V,
1238 3418 1295 3502 83)
1319 3415 1506 3483 Suetonius
1527 3413 1697 3482 Paulinus
1720 3415 1776 3500 (ib.
1803 3415 1844 3497 V,
1869 3417 1933 3498 14),
1965 3415 2093 3482 Mucia·

436 3539 510 3599 nus,
542 3519 680 3607 saepius
704 3543 724 3585 a
747 3518 859 3587 Plinio
890 3521 926 3586 in
958 3521 1113 3588 naturali
1135 3521 1283 3588 historia
1305 3520 1480 3600 laudatus,
1514 3516 1697 3584 Helvidius
1729 3518 1802 3607 ipse
1826 3523 1889 3584 aut
1912 3541 1998 3586 uxor
2020 3519 2093 3586 eius

434 3619 570 3688 Fannia
599 3622 701 3707 (Plin.
734 3646 785 3712 ep.
807 3622 888 3706 VII,
921 3624 984 3708 19).
1032 3623 1165 3706 Quibus
1188 3623 1388 3710 Agricolam
1411 3621 1513 3704 addo,
1537 3620 1627 3688 unde
1652 3621 1741 3688 enim
1763 3643 1852 3711 quae
1875 3620 1915 3689 de
1939 3620 2092 3689 consiliis

434 3726 626 3812 legatorum
664 3727 719 3794 vel
759 3726 976 3794 tribunorum
1014 3728 1097 3814 Agr.
1130 3728 1180 3793 25.
1213 3729 1265 3810 27,
1299 3726 1341 3795 da
1377 3725 1517 3814 proeliis
1530 3775 1538 3807 ,
1583 3724 1625 3792 de
1650 3749 1791 3793 numero
1828 3725 2092 3792 interfectorum

435 3833 507 3896 tam
541 3837 702 3898 accurate
734 3831 867 3898 tradita
896 3831 1060 3918 legimus,
1100 3831 1167 3898 nisi
1206 3855 1223 3897 e
1256 3829 1508 3896 commentariis
1547 3828 1656 3897 soceri
1691 3828 1818 3896 hausta
1855 3849 1929 3894 esse
1962 3827 2087 3916 putas?

436 3932 533 4015 Quae
573 3935 710 4024 quidem
755 3957 861 4023 nequa
901 3935 972 4001 dux
1005 3957 1111 4022 neque
1145 3935 1292 4022 scriptor
1333 3934 1494 4000 memoria
1538 3931 1690 3998 retinere
1726 3936 1876 4019 poterat.
1937 3929 2094 4019 Reliquit

434 4040 545 4126 igitur
574 4040 692 4106 heredi
721 4039 995 4119 commentarios,
1029 4039 1152 4126 quibus
1184 4038 1213 4104 is
1244 4037 1336 4104 sicut
1359 4034 1513 4102 Helvidii
1547 4035 1635 4101 libro
1660 4033 1801 4101 Senecio
1831 4033 1867 4099 in
1897 4033 1993 4100 vitae
2016 4055 2093 4100 nar·

435 4145 570 4212 ratione
594 4159 678 4212 usus
701 4150 763 4212 est.
800 4143 965 4210 Ornatius
989 4143 1050 4209 alii
1073 4143 1241 4209 bellorum
1266 4140 1419 4207 civilium
1444 4138 1639 4204 memoriam
1663 4137 1891 4220 celebrarunt,
1915 4137 2096 4226 Pompeius

435 4246 563 4314 Planta
586 4247 643 4332 (cf.
667 4247 848 4314 Mommsen
870 4246 938 4312 ind.
961 4245 1074 4330 Plin),
1100 4251 1134 4312 et
1154 4243 1303 4311 fortasse
1326 4242 1508 4331 Pompeius
1531 4239 1753 4321 Saturninus,
1786 4241 1844 4328 qui
1875 4242 2093 4308 contionibus

435 4351 617 4418 historiam
631 4351 826 4418 illustravit
850 4349 942 4432 (Plin
965 4373 1016 4438 ep.
1029 4351 1056 4430 I,
1072 4351 1126 4432 16)
1135 4372 1142 4432 ;
1167 4349 1229 4415 alii
1245 4369 1332 4437 qnae
1351 4348 1417 4435 ipsi
1433 4347 1491 4414 vel
1506 4343 1689 4434 propinqui
1704 4344 1807 4432 paulo
1824 4348 1928 4409 antea
1944 4344 2097 4432 perpessi

436 4460 545 4536 erant,
571 4453 762 4521 enarrando
785 4453 988 4521 diuturnum
1012 4453 1126 4520 odium
1150 4457 1365 4530 saturarunt,
1404 4450 1502 4516 nulla
1524 4454 1607 4515 iuter
1622 4449 1770 4531 infensos
1793 4468 1872 4512 rura
1884 4451 2097 4530 posteritatis

436 4557 521 4624 Tale
544 4557 648 4624 Nonii
660 4557 800 4624 Maximi
824 4580 909 4646 opus
933 4556 1074 4624 videtur
1095 4557 1212 4637 fuisse,
1236 4556 1272 4620 in
1294 4578 1360 4644 quo
1382 4557 1503 4638 inperii
1524 4553 1621 4618 simul
1643 4553 1824 4634 dolorisque
1840 4551 1919 4616 velis
1939 4553 2097 4617 tutissime

435 4669 541 4729 certus
564 4670 610 4729 est
633 4661 736 4748 (Plin.
761 4684 812 4748 ep.
837 4661 898 4740 IV,
922 4661 989 4744 20),
1007 4683 1071 4743 pro
1094 4683 1127 4728 se
1149 4663 1198 4726 eet
1220 4664 1254 4726 in
1278 4659 1433 4725 Plantam
1456 4655 1680 4743 compositum
1712 4661 1748 4721 et
1771 4675 1884 4720 coram
1912 4655 2022 4720 ocultis
2045 4675 2096 4719 re·

438 4765 585 4832 citatum
609 4765 752 4832 necdum
776 4767 935 4831 emissum
960 4764 1017 4849 (ib.
1043 4762 1106 4846 IX,
1133 4763 1175 4848 l).
1221 4762 1279 4828 Ita
1302 4760 1458 4827 Fannius
1489 4763 1592 4826 eritas
1614 4761 1788 4824 occisorum
1811 4765 1867 4824 cat
1888 4759 2098 4840 relegatorum
