4836 5488
1120 495 1140 561 9

303 698 340 766 16
363 699 474 767 611616
498 700 692 782 consulatu,
714 701 845 768 incerto
869 723 968 785 anno,
992 701 1178 790 66166616
1202 702 1516 790 66616616116666
1540 705 1753 770 consultum
1784 712 1861 772 erat
1885 729 1961 773 cum

303 801 483 886 Traianus,
507 806 567 894 qui
588 805 768 894 imperium
791 805 846 872 1111
868 805 1025 874 debuisse
1048 805 1163 873 fertur
1184 805 1322 890 (Victor
1345 827 1395 893 ep.
1421 805 1476 889 13)
1507 804 1666 873 aNerva
1689 807 1873 896 adoptatus
1896 817 1959 879 est.

304 907 357 974 Ac
381 907 523 976 fuerant
557 932 639 977 sane
671 915 775 976 antea
804 909 898 976 haud
920 909 1022 998 pauci
1055 929 1180 996 genere
1213 907 1382 996 ignobiles
1412 909 1500 976 satis
1523 909 1625 996 longo
1654 915 1734 998 post
1760 917 1961 999 praeturam

303 1011 491 1080 intervallo
515 1014 732 1080 consulatum
756 1011 875 1100 adepti
897 1012 954 1098 (cf.
967 1013 1156 1097 Nipperdey
1177 1011 1199 1078 1.
1217 1011 1239 1077 1.
1256 1034 1290 1099 p.
1308 1011 1371 1095 10),
1396 1012 1456 1078 661
1479 1013 1695 1080 6666611166
1719 1015 1961 1084 consulatuum

304 1115 475 1200 angustiis
497 1116 669 1184 retardati
690 1116 886 1205 partimque
901 1115 1098 1183 muneribus
1114 1114 1262 1203 publicis
1279 1115 1447 1202 occupati.
1483 1115 1591 1183 Recte
1610 1115 1720 1202 igitur
1741 1117 1962 1189 Mommsen

302 1217 452 1286 Hermae
475 1219 540 1286 vol.
563 1219 631 1302 III,
654 1245 685 1309 p.
709 1221 753 1288 88
794 1220 953 1288 Τ661166
976 1241 997 1286 a
1019 1218 1218 1287 Domitiano
1241 1217 1477 1305 posthabitum
1501 1222 1537 1284 61
1558 1220 1754 1307 neglectum
1788 1243 1961 1294 66666611-

304 1323 426 1391 tendit.
451 1325 568 1414 Atque
585 1323 721 1392 etiamsi
737 1347 805 1391 non
821 1327 974 1412 spretum
991 1345 1064 1390 esse
1080 1322 1297 1404 concesseris,
1322 1320 1490 1388 1116666
1506 1321 1595 1389 falso
1611 1323 1655 1389 ab
1670 1323 1961 1394 obtrectatoribus

304 1428 466 1516 scriptori
496 1428 584 1496 obici
607 1427 745 1508 senties,
787 1428 1000 1495 cumulatum
1023 1424 1196 1492 beneficiis
1219 1426 1262 1492 ab
1285 1424 1493 1512 imperatore
1516 1445 1625 1515 usque
1648 1426 1691 1492 ad
1715 1426 1794 1493 eius
1817 1434 1960 1498 mortem

303 1535 340 1596 st
362 1529 538 1616 ingratum
561 1531 680 1598 fuisse.
725 1529 867 1598 Scilicet
895 1554 951 1598 res
981 1530 1029 1598 sic
1061 1552 1097 1596 se
1128 1529 1289 1596 habuisse
1319 1527 1467 1595 videtur.
1513 1526 1613 1596 Sicut
1646 1551 1743 1596 socer
1773 1531 1824 1599 ita
1856 1557 1961 1620 gener

304 1633 396 1722 apud
416 1633 559 1704 Fluvios
588 1637 812 1726 imperatores
838 1635 954 1721 gratia
986 1633 1114 1716 floruit,
1149 1633 1240 1700 alter
1271 1631 1395 1699 bellica
1415 1630 1529 1713 laude,
1569 1631 1665 1699 civili
1687 1633 1779 1701 alter
1803 1635 1959 1724 insignia,

302 1742 407 1826 atque
430 1759 562 1806 666666
586 1763 622 1806 66
646 1741 751 1806 bonos
773 1738 955 1826 principes,
989 1737 1100 1804 odisse
1131 1735 1260 1802 malum
1291 1734 1441 1822 scriptor
1462 1733 1537 1822 ipse
1558 1733 1640 1801 hist.
1670 1733 1697 1818 Ι,
1723 1735 1741 1802 1
1776 1737 1959 1824 siguificat.

304 1841 424 1908 Odisse
460 1846 576 1910 autem
606 1847 681 1910 tum
714 1844 862 1932 primum
901 1841 1015 1930 coepit
1045 1863 1121 1907 666
1152 1839 1189 1906 16
1220 1840 1337 1906 urbem
1367 1859 1528 1905 reversus
1566 1843 1699 1926 quanta
1731 1861 1843 1907 rerum
1874 1867 1960 1912 com·

302 1945 450 2013 mutatio
472 1945 568 2013 facta
598 1952 699 2030 esset,
724 1970 838 2014 coram
862 1944 1118 2026 animadvertit,
1142 1964 1310 2032 quamque
1332 1941 1469 2009 sinistri
1491 1963 1645 2008 rumores
1668 1942 1709 2010 16
1732 1945 1841 2012 666611
1865 1950 1960 2017 exitu

303 2049 617 2134 circumferrentur,
641 2051 825 2118 intellexit.
873 2049 917 2118 Se
939 2071 1072 2140 quoque
1094 2047 1229 2114 domiuo
1247 2045 1315 2110 ism
1337 2045 1509 2113 saevienti
1531 2044 1680 2112 invisum
1704 2051 1740 2114 et
1762 2057 1961 2137 suspectum

304 2175 378 2220 esse
402 2153 557 2236 credidit,
594 2159 698 2244 atque
721 2178 789 2221 non
812 2176 848 2220 se
871 2154 980 2221 solum
1004 2151 1064 2220 sed
1082 2150 1247 2239 optimum
1277 2169 1443 2236 quemque
1467 2147 1605 2234 neglegi
1628 2148 1726 2216 vidit.
1773 2149 1960 2220 81611611-

302 2257 407 2339 tinus,
431 2280 531 2347 quem
553 2280 713 2345 magnum
735 2258 849 2325 virum
873 2280 911 2324 eo
935 2257 1009 2344 ipso
1032 2275 1148 2320 mense
1171 2274 1237 2340 quo
1260 2250 1321 2317 1116
1344 2249 1484 2316 166166
1510 2248 1555 2315 61
1577 2249 1728 2317 alterum
1743 2255 1961 2323 consulatum

301 2365 510 2446 pervenerat
540 2363 742 2450 appellavit,
777 2369 881 2431 antea
903 2359 1095 2427 Domitiani
1125 2379 1236 2424 comes
1270 2359 1306 2421 et
1337 2354 1467 2421 amicus
1499 2359 1573 2420 tum
1608 2355 1868 2442 neglegebatur,
1901 2361 1961 2449 qui

303 2462 439 2550 quidem
471 2469 591 2552 postea
623 2465 697 2532 eius
721 2467 906 2533 avaritiam
928 2464 1050 2531 acerbe
1081 2461 1219 2528 notavit
1252 2459 1293 2525 16
1316 2457 1458 2546 666661.
1482 2459 1500 2542 ξ
1525 2459 1587 2525 118
1595 2481 1603 2543 ;
1642 2457 1814 2528 Corellius
1836 2462 1960 2548 Rufus,

300 2589 376 2632 cum
399 2567 567 2635 Frontino
599 2569 691 2636 illius
722 2571 850 2637 aetatis
881 2565 1157 2657 spectatissimus
1188 2562 1290 2649 (Plin.
1315 2583 1365 2649 66.
1388 2561 1432 2645 V,
1457 2562 1485 2642 l,
1508 2563 1542 2646 5)
1565 2562 1602 2628 16
1625 2563 1822 2632 suburbano
1846 2567 1961 2634 latens

304 2668 539 2738 Domitianum
552 2677 593 2738 ut
605 2673 774 2740 latronem
792 2672 988 2740 vehementi
1004 2669 1079 2739 odio
1095 2667 1368 2757 persequebatur
1390 2663 1447 2750 (ib.
1464 2662 1492 2746 I,
1511 2663 1562 2746 11,
1574 2667 1624 2750 8);
1648 2663 1835 2752 Verginius
1847 2669 1962 2738 Rufus

301 2774 491 2842 secessibus
514 2799 550 2844 se
573 2777 754 2844 abdiderat
776 2778 833 2864 (ib.
858 2777 900 2859 ΙΙ,
927 2776 955 2858 1,
979 2777 1008 2842 8.
1046 2772 1106 2855 VI,
1133 2773 1204 2856 10);
1251 2769 1367 2838 Nerva
1391 2767 1532 2836 06161111
1554 2769 1785 2859 bonorumque
1810 2775 1961 2842 omnium

299 2877 430 2944 amicus
452 2878 656 2969 intrepidus,
680 2883 739 2970 qui
754 2883 785 2950 si
800 2881 883 2971 quid
898 2885 993 2948 recte
1015 2884 1051 2945 61
1073 2878 1179 2944 libere
1203 2873 1272 2942 dici
1294 2873 1467 2955 audiebat,
1491 2872 1659 2940 laudabat
1682 2873 1830 2960 (ibVII,
1847 2879 1897 2962 33,
1916 2880 1960 2965 9),

300 3001 330 3046 6.
345 2982 389 3048 99
410 2983 576 3073 principis
593 2986 630 3052 in
653 2987 837 3054 consulatu
859 2985 991 3070 collega
1014 2989 1089 3050 tum
1111 2986 1227 3047 tamen
1249 2977 1309 3044 vix
1332 2998 1353 3043 a
1376 2976 1480 3042 caede
1504 2975 1676 3059 defensus,
1701 2999 1809 3066 nequa
1833 2985 1960 3066 tamen,

302 3085 391 3174 quod
422 3084 619 3154 levissimus
658 3095 781 3156 auctor
809 3089 1046 3156 Philostratus
1077 3083 1238 3173 Apellen.
1278 3078 1365 3162 VH,
1396 3080 1417 3146 8
1454 3085 1592 3162 narrat,
1632 3080 1713 3147 dum
1743 3081 1896 3150 Nervam
1926 3091 1962 3152 et

300 3189 464 3256 Crassum
488 3193 679 3274 confundit,
701 3192 891 3260 Tarentum
914 3195 1061 3264 amotus,
1106 3188 1165 3254 Ita
1188 3185 1355 3252 seniores:
1381 3205 1399 3250 e
1429 3183 1621 3251 iunioribus
1644 3184 1827 3270 Traianus,
1861 3211 1961 3278 quem

299 3290 519 3362 Domitianus
554 3301 657 3362 antea
679 3296 812 3384 pariter
835 3317 874 3362 66
897 3295 1056 3362 Tacitum
1080 3291 1265 3359 honoribus
1288 3287 1422 3354 meritis
1439 3295 1677 3372 exornaverat,
1701 3296 1782 3378 post
1805 3293 1961 3359 consula·

299 3400 375 3462 tum
399 3419 429 3462 a.
452 3398 493 3464 91
516 3398 552 3465 in
575 3401 659 3467 urbe
683 3401 815 3468 otiosus
848 3399 1017 3466 remansit
1050 3403 1155 3486 atque
1189 3418 1266 3462 cum
1297 3392 1507 3478 legationem
1538 3393 1752 3460 consularem
1787 3397 1959 3483 sperabat,

299 3501 512 3590 praeteritus
534 3502 636 3588 (Plin.
658 3524 822 3591 panegyr.
843 3504 898 3588 94)
923 3526 999 3570 oum
1022 3501 1165 3590 reliquis
1188 3497 1406 3566 senatoribus
1422 3496 1477 3562 vir
1498 3495 1602 3563 fortis
1624 3518 1664 3563 ac
1688 3503 1851 3566 strenuus
1873 3501 1961 3588 peri·

300 3604 444 3672 clitatus
468 3609 572 3673 timuit
601 3606 658 3690 (ib.
681 3609 756 3691 44),
787 3607 923 3675 Plinius
955 3612 991 3674 et
1021 3606 1197 3674 Cornutus
1228 3600 1408 3668 Tertullus
1440 3601 1476 3666 in
1507 3623 1611 3667 cursu
1640 3602 1805 3669 honorum
1833 3605 1863 3672 61
1893 3629 1961 3672 non

299 3707 464 3798 impediti,
490 3709 614 3776 saltem
637 3733 704 3776 nou
726 3713 884 3798 provecti
906 3713 1042 3797 (11190),
1067 3710 1158 3776 61161
1180 3707 1286 3774 61166
1308 3705 1448 3772 delatus
1471 3703 1564 3792 apud
1585 3705 1827 3794 imperatorem
1857 3707 1958 3794 (Ptin.

300 3835 350 3900 66.
375 3811 456 3895 VII,
480 3815 532 3896 27,
557 3814 628 3897 14);
653 3814 714 3902 qui
736 3814 934 3904 eloquentia
957 3813 1202 3881 disertissimos
1225 3815 1381 3876 oratores
1412 3809 1592 3897 aequabat,
1626 3809 1766 3877 Salvius
1788 3811 1961 3880 Liberalis

298 3915 499 3982 inexilium
523 3916 656 3982 missus.
704 3915 796 3998 Quid
818 3918 929 4004 igitur
950 3917 1119 3985 Tacitus?
1155 3913 1297 4000 Frigida
1320 3912 1363 3978 ab
1386 3911 1593 4000 imperatore
1617 3919 1780 4002 exceptus
1803 3939 1865 4003 per
1887 3922 1960 3984 1166

300 4039 407 4084 annos
430 4041 537 4106 usque
561 4019 606 4084 ad
636 4019 710 4085 eius
738 4024 882 4088 mortem
912 4020 1000 4087 nihil
1030 4021 1165 4110 publice
1199 4018 1272 4104 egit
1303 4038 1405 4105 quam
1429 4017 1519 4105 quod
1549 4016 1679 4084 ordinis
1711 4025 1747 4085 et
1776 4021 1961 4089 sacerdotii

298 4119 514 4187 condiciones
545 4121 712 4189 ferebant.
757 4122 816 4190 Ita
853 4129 1011 4191 votorum
1049 4120 1363 4211 nuncupationibus
1412 4119 1504 4188 haud
1540 4121 1643 4188 dubie
1682 4121 1862 4206 interfuit,
1899 4126 1961 4192 ali·

299 4229 467 4313 quantum
491 4245 512 4288 a
534 4221 687 4292 Thrasea
710 4228 790 4295 clim
815 4229 930 4296 eadem
955 4227 1127 4314 dignitate
1150 4225 1307 4315 praedito
1330 4225 1489 4293 diversus
1522 4227 1650 4311 (annal.
1675 4225 1771 4310 XVI,
1803 4228 1871 4313 21).
1917 4227 1961 4296 Ι6

299 4333 423 4394 senatu
460 4332 577 4394 autem
608 4329 693 4397 fecit
722 4335 813 4421 quod
841 4333 998 4423 plerique
1031 4332 1298 4399 fortissimorum
1336 4335 1373 4396 et
1403 4330 1704 4417 integerrimorum
1743 4332 1959 4420 aequalium:

299 4437 405 4520 caput
427 4431 574 4499 demisit.
621 4433 740 4524 Neque
763 4436 862 4518 euim,
886 4437 976 4525 quod
991 4435 1164 4502 Thraseae
1181 4433 1316 4502 crimini
1339 4433 1458 4500 datum
1475 4439 1558 4516 erat,
1585 4435 1704 4500 abesse
1721 4457 1797 4500 eum
1821 4457 1842 4501 a
1864 4435 1961 4502 curia

298 4541 392 4622 (ann.
405 4534 502 4618 XVI,
522 4537 587 4620 22),
612 4537 667 4604 illi
689 4539 880 4627 nequedum
904 4539 1126 4626 sexagenario
1149 4559 1259 4627 neque
1288 4542 1457 4626 quantum
1480 4543 1619 4605 constat
1641 4543 1805 4604 excusato
1820 4537 1960 4605 licuisse

297 4639 504 4727 putaverim,
528 4662 637 4728 neque
660 4640 690 4708 si
711 4642 878 4724 licuisset,
902 4644 1011 4711 otium
1033 4646 1255 4731 captaturum
1277 4641 1395 4722 fuisse,
1421 4642 1623 4708 consulatus
1646 4663 1706 4730 666
1729 4641 1879 4709 nondum
1903 4641 1959 4708 ab·

298 4743 398 4811 iacta.
433 4744 525 4826 Quid
554 4747 645 4835 quod
675 4746 801 4814 iudicio
833 4752 984 4822 senatus,
1019 4769 1084 4835 quo
1115 4744 1275 4811 acerrimi
1303 4744 1479 4812 libertatis
1510 4744 1710 4812 defensores
1743 4743 1961 4812 condemnati

298 4852 390 4930 sunt,
415 4871 451 4915 66
474 4849 676 4917 interfuisse
701 4852 932 4940 conqueritur,
956 4849 1035 4916 dnm
1059 4871 1156 4916 suam
1178 4848 1430 4937 amicorumque
1453 4847 1685 4916 calamitatem
1700 4871 1776 4915 cum
1787 4847 1960 4914 Thraseae

1752 4955 1768 5005 2
