4824 5452
1292 431 1314 496 8

475 658 568 704 eram
588 636 662 703 loeo
683 635 805 703 Dionis
829 635 851 702 l.
869 635 1017 720 LXVII,
1053 637 1108 719 12,
1143 658 1209 725 quo
1232 637 1434 704 consulatus
1458 637 1605 725 auguria
1629 644 1839 706 enarrantur
1861 638 1906 706 ad
1928 639 2133 728 explicanda

475 741 581 807 verba
591 739 706 807 Taciti
729 763 755 806 e.
770 739 830 805 44:
848 742 1031 822 principem
1047 741 1223 806 Troianum
1236 741 1344 808 videre
1365 743 1449 824 quod
1470 745 1607 826 otperto
1628 746 1770 826 votisqree
1791 744 1880 826 apud
1894 751 2022 810 costroe
2037 765 2133 811 cures

474 845 682 910 omittebatur.
707 842 881 910 Incertam
897 843 1129 910 coniecturam
1151 864 1224 910 asse
1248 843 1404 926 concedo,
1427 866 1507 911 nam
1522 851 1577 913 est
1592 867 1674 912 sane
1688 845 1779 934 quod
1793 846 1928 914 mireris
1944 847 2133 933 contigisse

474 952 516 1014 ut
538 946 765 1014 incolumibus
785 945 902 1012 Flavii
924 945 1112 1013 Clementis
1140 946 1259 1014 liberis
1291 947 1544 1015 successoribus
1575 955 1617 1015 ut
1648 948 1832 1016 videbatur
1860 949 1991 1017 futuris
2021 950 2131 1036 (Suet.

473 1051 640 1137 Domiti)
662 1050 861 1136 Agricolam
879 1048 1068 1116 Traianum
1082 1048 1333 1136 imperaturum
1350 1071 1424 1116 essa
1441 1051 1669 1138 praevideret,
1693 1050 1752 1118 sed
1771 1056 1807 1120 et
1825 1052 1939 1141 priore
1966 1057 2002 1120 et
2018 1060 2132 1143 poste·

472 1156 563 1224 riore
584 1177 674 1221 anno
696 1153 830 1242 pariter
851 1151 1064 1219 admirabile.
1085 1150 1139 1218 Ac
1162 1153 1278 1239 potuit
1299 1152 1424 1220 saltem
1446 1154 1582 1221 iuvenis
1604 1153 1776 1223 Traianus
1799 1158 1858 1245 qui
1880 1179 1911 1223 a.
1935 1158 1978 1224 86
2001 1157 2131 1227 Romae

474 1261 549 1348 (vit.
573 1259 681 1327 Hadr.
706 1259 740 1343 1)
763 1257 843 1340 fuit,
871 1256 944 1324 viro
965 1255 1118 1339 militari,
1142 1256 1255 1344 patris
1278 1261 1319 1323 ut
1329 1257 1471 1324 videtur
1485 1257 1660 1341 familiari,
1682 1259 1752 1324 iam
1775 1266 1916 1348 praetor
1943 1266 2129 1346 notescere,

472 1370 594 1455 postea
619 1369 760 1431 strenuo
782 1383 812 1428 a.
836 1361 880 1428 88
901 1361 938 1427 in
960 1359 1180 1429 Germaniam
1213 1360 1338 1428 itinere
1361 1365 1501 1450 peracto
1531 1383 1692 1430 reversus
1722 1376 1906 1453 antequam
1928 1365 2072 1434 Tacitus
2094 1369 2131 1450 in

471 1469 684 1558 provinciam
707 1465 803 1548 abiit,
826 1464 937 1553 pluris
960 1465 1065 1532 etiam
1088 1465 1274 1532 aestimari.
1298 1464 1515 1532 Probabilius
1533 1471 1652 1533 tamen
1667 1471 1730 1548 est,
1753 1467 1940 1536 Traianum
1956 1473 2129 1540 consulem

472 1573 683 1642 ordinarium
706 1571 926 1657 designatum
948 1571 1012 1637 sub
1044 1571 1146 1637 finem
1177 1570 1322 1666 anni·90
1344 1569 1460 1637 oculos
1488 1575 1525 1637 et
1556 1575 1688 1638 mentes
1718 1572 1915 1660 aequalium
1937 1574 1974 1640 in
1997 1597 2033 1642 se
2053 1599 2129 1643 con·

471 1675 630 1746 vertisse.
660 1674 813 1752 ,Scilicet
834 1697 939 1740 unum
963 1678 1110 1757 constat,
1133 1673 1292 1740 Tacitum
1315 1695 1430 1741 mense
1452 1674 1616 1760 Augusto
1645 1697 1675 1740 a.
1704 1676 1746 1742 93
1772 1681 1848 1742 tum
1871 1699 1947 1744 cum
1971 1685 2129 1747 mortuus

472 1787 526 1850 ast
547 1780 713 1868 Agricola
725 1778 867 1865 Collega
884 1777 1107 1866 Priscinoque
1128 1775 1192 1862 (sic
1215 1777 1305 1844 enim
1326 1776 1509 1863 legendum
1531 1799 1605 1845 esse
1622 1777 1816 1864 Waddtcpto
1839 1803 1871 1848 n.
1897 1781 1959 1848 125
1982 1786 2129 1870 monuit)

470 1885 669 1954 oonsulibus
708 1903 885 1950 reversum
915 1903 999 1949 esse.
1052 1880 1172 1970 Neque
1188 1877 1195 1894 ⁶
1210 1880 1332 1947 statim
1366 1880 1509 1947 Romam
1539 1885 1724 1948 revocatus
1757 1886 1820 1964 est,
1868 1907 1944 1952 oum
1976 1885 2128 1956 Baebius

469 1989 587 2054 Massa
609 1991 692 2054 ante
714 1985 903 2053 adventum
926 1987 1000 2052 eius
1022 1983 1269 2052 condemnatus
1292 1983 1340 2051 sit
1361 1983 1419 2071 (cf.
1443 1983 1533 2053 Plin.
1557 2007 1607 2073 ep.
1632 1984 1693 2066 VI,
1718 1987 1770 2053 93.
1792 2010 1877 2054 mus.
1901 1987 2009 2055 Rhen.
2038 1991 2128 2075 1.1.).

469 2093 595 2182 Itaque
619 2090 650 2158 si
671 2112 693 2156 a
714 2089 781 2156 fine
804 2089 887 2156 anni
908 2089 950 2156 93
973 2091 1066 2154 retro
1090 2110 1152 2176 per
1174 2086 1437 2175 quadriennium
1459 2089 1613 2155 rationes
1636 2089 1872 2173 subducimus,
1906 2091 1951 2158 ad
1980 2093 2063 2160 anni
2084 2096 2128 2162 89

469 2201 674 2262 autumnum
696 2193 925 2281 pervenimus.
963 2191 1153 2275 Quaeritur
1175 2190 1293 2276 igitur,
1320 2213 1386 2280 quo
1409 2191 1492 2258 anni
1514 2198 1668 2281 tempore
1690 2191 1833 2260 Tacitus
1855 2193 1892 2260 in
1913 2198 2127 2283 provinciam

469 2300 653 2367 mandatus
676 2296 733 2364 sit.
780 2295 876 2378 Quae
909 2294 1046 2384 quidem
1068 2295 1111 2360 de
1134 2293 1330 2382 praesidum
1352 2295 1616 2383 provincialium
1651 2297 1863 2384 temporibus
1886 2301 2042 2387 quaestio
2066 2301 2126 2367 im-

469 2402 685 2492 peditissima
718 2399 869 2467 nondum
900 2399 945 2467 ad
973 2397 1141 2487 liquidum
1173 2397 1342 2486 perducta
1365 2403 1428 2466 est.
1481 2399 1627 2488 Aliquid
1649 2399 1799 2467 fortasse
1822 2402 1976 2470 conferre
1998 2404 2126 2472 licebit.

467 2506 613 2575 Scilicet
635 2505 776 2572 videtur
798 2502 1017 2570 Domitianus
1041 2506 1173 2569 eertum
1204 2501 1373 2590 quoddam
1404 2508 1542 2590 tempus
1582 2502 1849 2570 ordinandarum
1871 2507 2128 2593 provinciarum

467 2613 682 2692 observasse,
706 2608 796 2699 qnod
818 2607 954 2696 quidem
976 2606 1013 2671 in
1036 2609 1138 2672 tanta
1155 2604 1369 2690 negotiorum
1391 2605 1479 2672 mole
1505 2605 1774 2694 prudentissimo
1795 2609 1937 2682 consilio
1961 2609 2056 2693 fecit,
2078 2612 2127 2678 id-

467 2737 534 2804 que
574 2715 611 2782 in
645 2712 747 2780 finem
787 2710 891 2777 unius
926 2708 1008 2775 anni
1046 2707 1103 2775 vel
1148 2706 1287 2774 initium
1320 2707 1468 2796 proximi
1497 2708 1657 2776 incidere.
1702 2709 1790 2777 Nam
1824 2712 1900 2779 ludi
1930 2715 2126 2801 quaesterit

468 2841 552 2908 quos
586 2813 776 2884 aclaudio
812 2813 998 2880 institutos
1021 2811 1081 2878 sed
1103 2815 1224 2899 postea
1254 2809 1396 2877 omissos
1424 2811 1591 2893 restituit,
1623 2812 1747 2902 quibus
1778 2814 1861 2882 solis
1891 2815 2125 2902 gladiatorum

404 2911 407 2918 ⁴
467 2942 604 3010 pugnae
626 2919 762 3008 publice
783 2917 1047 2984 instruebantur
1069 2915 1127 3002 (cf.
1139 2915 1329 2996 Mommsen,
1352 2912 1501 2982 Staatsr.
1526 2915 1572 2996 Π,
1595 2939 1626 3004 p.
1652 2917 1724 2984 990.
1747 2917 1835 3001 503),
1861 2920 2126 2989 celebrabantur

466 3046 582 3092 mense
604 3020 793 3102 Decembri,
827 3025 868 3087 ut
890 3025 995 3087 antea
1017 3040 1039 3084 a
1062 3019 1301 3108 quaestoribus
1325 3016 1516 3103 designatis
1539 3041 1647 3108 usqne
1671 3019 1715 3086 ad
1737 3027 1910 3110 quartum,
1934 3024 1984 3091 sie
2004 3029 2125 3113 postea

466 3150 575 3218 usque
598 3126 642 3193 ad
664 3125 869 3212 vigesimum
893 3127 1054 3214 quartum
1079 3122 1168 3189 diem
1192 3122 1343 3189 eiusdem
1365 3121 1492 3188 mensis
1515 3122 1566 3209 (O.
1590 3123 1618 3188 Ι.
1641 3123 1682 3190 L.
1705 3122 1733 3205 I,
1757 3147 1790 3212 p.
1813 3125 1901 3209 407).
1933 3126 1977 3193 Ιιι
1999 3127 2126 3216 quibus

467 3257 544 3301 cnm
566 3252 628 3320 per
650 3250 748 3296 omne
780 3227 1014 3315 gladiatorum
1037 3226 1274 3313 spectaculum
1297 3247 1408 3292 nanus
1430 3229 1513 3293 ante
1542 3227 1646 3314 pedes
1676 3227 1826 3318 principi
1848 3235 1961 3298 staret
1994 3233 2126 3299 audeus

466 3346 522 3418 est,
544 3336 620 3401 dom
641 3356 679 3400 ec
701 3355 735 3399 eo
758 3334 889 3416 quaerit,
914 3331 1025 3415 ecquid
1046 3333 1150 3412 sciret,
1182 3351 1240 3395 cur
1261 3331 1324 3396 sibi
1352 3332 1457 3396 visum
1479 3339 1559 3396 esset
1581 3331 1779 3398 ordinatione
1802 3338 1958 3416 prosimu
1978 3335 2125 3421 Aegypto

460 3443 639 3525 praeficere
660 3438 810 3504 Mettium
832 3435 961 3520 Rufum
983 3433 1138 3521 (Sueten.
1162 3433 1258 3503 Dom.
1288 3433 1344 3512 4.).
1378 3433 1504 3523 Itaque
1527 3433 1779 3502 ordinationem
1801 3437 1993 3524 legitimam
2016 3439 2126 3507 fuisse

466 3566 606 3633 eamque
636 3547 699 3609 aut
729 3544 875 3608 exeunte
907 3561 997 3605 anno
1028 3543 1092 3605 aut
1121 3537 1241 3627 primis
1273 3537 1356 3605 novi
1394 3537 1477 3604 anni
1508 3537 1629 3604 diebus
1661 3539 1816 3606 habitam
1855 3565 1929 3610 esse
1967 3543 2126 3631 seqnitur

466 3651 551 3734 (voc.
576 3646 665 3714 enim
682 3648 837 3729 proximo
857 3647 998 3732 praeter
1020 3665 1127 3709 unum
1156 3642 1278 3723 locum,
1312 3640 1381 3708 nisi
1402 3641 1507 3708 fallor
1529 3640 1664 3725 (Octav.
1689 3643 1766 3728 101)
1789 3645 1914 3734 ubique
1937 3644 2125 3712 Suetonius

466 3749 510 3816 ad
532 3751 691 3816 futurum
712 3752 849 3836 tempus
872 3747 996 3814 retulit
1019 3746 1075 3833 (of.
1099 3746 1167 3814 Iul.
1191 3746 1288 3813 Caes.
1313 3747 1343 3811 7.
1368 3745 1418 3812 37.
1442 3746 1494 3826 79,
1519 3744 1639 3813 Octav.
1662 3746 1712 3827 16,
1736 3745 1847 3814 Tiber.
1861 3749 1912 3827 65,
1936 3747 2045 3834 Calig.
2072 3749 2122 3830 14,

467 3852 636 3938 Ner017)
676 3851 714 3919 Si
735 3852 846 3940 igitur
867 3873 948 3918 vere
971 3851 1053 3917 anni
1075 3851 1118 3917 89
1155 3849 1298 3916 Tacitus
1321 3849 1439 3915 urbem
1462 3847 1606 3936 reliquit
1628 3869 1668 3915 ac
1692 3871 1772 3915 vere
1806 3871 1836 3914 a.
1869 3851 1912 3916 94
1934 3852 2124 3919 successori

465 3957 676 4046 provinciam
709 3955 866 4037 tradidit,
904 3953 1174 4043 quinquennium
1198 3955 1373 4040 integrum
1396 3975 1538 4041 peregre
1568 3952 1758 4035 habitavit;
1800 3952 1854 4019 sin
1877 3959 2123 4042 postmortem

465 4060 574 4128 soceri
596 4059 718 4127 statim
748 4065 830 4126 ante
860 4063 999 4145 tempus
1028 4062 1210 4124 revocatus
1241 4061 1310 4138 est,
1347 4057 1480 4145 aliquot
1508 4056 1633 4122 saltem
1662 4044 1835 4122 mensibus
1858 4057 2123 4145 quadriennium

467 4165 624 4232 excessit.
650 4163 766 4244 Quare
788 4163 902 4229 neseio
926 4185 970 4228 an
994 4161 1106 4227 satius
1129 4160 1177 4226 sit
1199 4159 1388 4226 discessum
1411 4158 1485 4225 eius
1509 4159 1632 4226 saltem
1655 4158 1691 4225 in
1714 4159 1907 4247 proximum
1929 4183 2057 4228 annum
2081 4163 2125 4229 90

467 4267 608 4348 reicere,
641 4267 718 4348 nisi,
750 4265 840 4354 quod
871 4265 986 4331 fateor
1014 4262 1098 4329 mihi
1128 4263 1312 4329 etiamnum
1344 4262 1505 4344 arridere,
1540 4261 1683 4328 Traiani
1713 4263 1932 4330 consulatum
1962 4263 1983 4330 i.
2009 4286 2036 4330 e.
2061 4287 2124 4331 ver

464 4370 548 4436 anni
571 4370 612 4436 91
636 4373 770 4435 mutato
795 4367 887 4456 apud
910 4367 1068 4433 Tacitum
1091 4388 1231 4433 numero
1253 4366 1436 4455 praeferas.

619 4471 762 4538 Romam
786 4469 978 4539 revertenti
1001 4491 1140 4558 sperare
1162 4470 1291 4538 licebat
1314 4469 1387 4536 fore
1409 4475 1451 4536 ut
1472 4466 1570 4535 brevi
1594 4469 1711 4534 consul
1734 4471 1916 4534 crearetur.
1952 4467 2010 4534 Ita
2019 4467 2121 4536 Vale-

463 4575 536 4642 rius
559 4573 738 4641 Asiaticus
772 4575 891 4641 statim
909 4584 1103 4666 ¹postquam
1134 4573 1311 4662 provincia
1334 4573 1477 4659 Belgica
1507 4571 1657 4638 decessit
1688 4570 1807 4637 consul
1836 4571 2038 4658 designatus
2069 4577 2125 4639 est

463 4679 587 4764 (Tacit.
601 4678 683 4745 hist.
699 4678 728 4762 I,
741 4678 852 4762 59911.
865 4677 927 4758 IV,
943 4679 965 4744 4
978 4683 1014 4744 et
1025 4678 1071 4758 6),
1096 4676 1228 4745 Glitius
1238 4677 1404 4764 Agricola
1415 4675 1533 4741 Nerva
1547 4674 1739 4760 imperante
1755 4681 1791 4741 et
1813 4675 1950 4762 legatur
1960 4674 2123 4761 Belgicae

464 4787 501 4850 et
523 4782 642 4849 consul
664 4781 736 4850 fuit
757 4782 930 4869 (Borghesi
944 4779 986 4863 V,
1011 4804 1043 4869 p.
1066 4781 1154 4865 344),
1178 4781 1334 4848 Licinius
1357 4779 1446 4847 Sura
1469 4777 1529 4867 qui
1551 4777 1583 4844 ei
1604 4778 1833 4865 praecessisse
1856 4779 2005 4860 videtur,
2030 4778 2124 4844 sicut
