4836 5488
1095 393 1139 459 Ι11

447 599 547 682 Quod
570 605 688 667 autem
710 599 854 668 Tacitus
877 600 957 667 dum
980 623 1043 690 per
1064 605 1217 668 aetatem
1237 598 1323 667 licet
1345 598 1484 687 utrique
1506 599 1616 667 officio
1646 621 1771 668 vacare
1796 593 1871 668 'non
1893 601 1949 668 de·

265 721 269 730 ’
290 703 396 786 661616,
421 708 618 772 sanctorum
641 699 681 771 et'
699 703 1000 791 integerrimorum
1024 703 1178 772 virorum
1201 703 1394 790 exemplum
1418 708 1558 770 secutus
1581 709 1643 771 est.
1667 705 1726 772 Ita
1748 704 1949 790 alterCato,¹

289 806 586 876 ThraseaPaetus
609 829 638 874 a.
658 807 701 874 63
723 812 804 896 6666
818 806 998 896 Poppaeae
1021 813 1161 897 partum
1184 812 1221 875 et
1238 829 1267 874 a.
1284 808 1327 874 66
1350 829 1427 874 cum
1447 806 1621 875 Tiridates
1645 810 1765 876 urbem
1787 809 1948 893 intraret,

289 909 421 979 Neroni
450 912 534 1001 quin
558 933 671 980 coram
706 933 783 978 cum
816 916 941 979 senatu
963 911 1204 999 gratularetur
1232 934 1253 979 a
1278 911 1435 1004 principe
1451 911 1645 999 prohibitus
1669 919 1735 998 est;
1760 912 1949 1002 Verginius

290 1013 413 1096 Rufus,
437 1037 537 1105 quem
561 1015 704 1082 summis
727 1015 927 1105 meritisque
948 1016 1111 1084 laudibus
1133 1015 1277 1094 Tacitus
1299 1013 1380 1082 hist.
1401 1014 1449 1097 Π,
1473 1015 1515 1082 68
1547 1021 1582 1082 66
1603 1015 1739 1084 Plinius
1770 1040 1821 1106 ep.
1845 1017 1893 1100 H,
1919 1017 1949 1085 1.

252 1161 258 1170 -
287 1117 352 1200 IX,
377 1119 420 1186 19
443 1119 654 1201 extulerunt,
679 1119 770 1186 663
793 1119 913 1200 consul
935 1125 977 1187 ut
999 1119 1098 1187 nimii
1119 1119 1264 1187 honores
1287 1118 1540 1207 humanumque
1563 1119 1636 1188 1666
1658 1119 1793 1188 modum
1818 1123 1950 1208 egressi

287 1219 469 1310 Poppaeae
500 1227 536 1288 66
558 1221 700 1290 Caesari
731 1222 999 1292 decernerentur
1028 1230 1151 1291 auctor
1183 1223 1320 1292 senatui
1350 1223 1423 1314 1616
1445 1223 1547 1290 66116
1569 1247 1657 1314 6666
1680 1225 1733 1293 66.
1757 1227 1809 1295 21.
1839 1234 1875 1295 66
1896 1231 1948 1297 22.

289 1323 416 1391 mensis
434 1323 592 1392 Ianuarii
610 1325 832 1414 inCapitolio
855 1327 1080 1395 solvebantur
1096 1327 1189 1396 votis
1209 1334 1246 1396 et
1262 1347 1350 1418 quae
1371 1333 1492 1396 secuta
1513 1334 1606 1411 sunt,
1630 1352 1710 1397 nam
1719 1330 1813 1400 Nero
1836 1355 1951 1400 mense

287 1426 407 1517 Aprili
429 1429 466 1495 in
488 1429 608 1495 urbem
629 1428 743 1510 rediit,
768 1429 825 1516 (61.
847 1429 972 1498 Maria.
994 1431 1038 1500 fr.
1061 1430 1182 1498 Arval.
1207 1429 1252 1497 66
1265 1431 1342 1498 tab.
1368 1430 1409 1496 17
1431 1432 1467 1514 b)
1488 1430 1667 1518 interfuit,
1713 1433 1950 1524 Vespasianus

289 1536 431 1620 praetor
452 1531 537 1599 Caio
559 1532 700 1600 Caesari
722 1531 901 1601 blanditus
923 1539 960 1601 et
980 1534 1200 1622 gratificatus
1223 1539 1278 1601 est
1300 1532 1453 1618 (Sueton.
1478 1535 1528 1620 2);
1559 1535 1673 1602 Barea
1696 1535 1858 1620 Soranus,
1882 1563 1948 1629 666

288 1655 399 1722 66666
421 1635 575 1703 66666166
607 1657 717 1724 66666
744 1637 882 1725 probior
904 1637 1084 1728 quisquam
1108 1644 1185 1706 erat
1199 1639 1232 1723 ¹),
1268 1637 1389 1706 consul
1418 1637 1621 1726 designatus
1644 1638 1800 1708 Pallanti
1821 1642 1948 1711 liberto

289 1733 429 1804 Claudii
459 1736 605 1806 bonores
636 1744 672 1807 et
693 1740 872 1828 pecuniam
903 1741 1070 1809 attribuit
1099 1741 1191 1828 (Tac.
1222 1763 1301 1809 ann.
1330 1739 1378 1823 H,
1401 1741 1469 1826 53).
1516 1741 1640 1810 Omnes
1675 1766 1751 1811 cum
1774 1767 1816 1812 ex
1838 1745 1947 1814 officio

287 1845 364 1908 tum
387 1862 405 1907 e
429 1841 606 1910 senatoria
628 1843 844 1932 necessitate.

443 1945 564 2035 Neque
595 1967 677 2013 6666
708 1969 825 2014 omnes
856 1948 937 2016 boni
971 1948 1112 2016 eandem
1142 1949 1313 2016 rationem
1347 1947 1589 2037 sequebantur.
1634 1947 1734 2014 Inter
1763 1951 1948 2020 acerrimos

287 2048 464 2117 libertatis
487 2055 677 2118 assertores
699 2051 726 2116 ii
747 2049 893 2118 fuerunt
914 2053 974 2141 qui
997 2077 1073 2120 cum
1096 2051 1248 2120 Thrasea
1269 2052 1326 2119 661
1349 2051 1519 2118 affinitate
1535 2051 1592 2118 vel
1610 2052 1737 2120 studiis
1753 2054 1947 2143 sapientiae

288 2154 419 2220 stoicae
436 2153 750 2241 coniungebantur:
776 2154 958 2222 Helvidius
977 2155 1126 2240 Priscus,
1152 2157 1226 2224 eius
1241 2179 1356 2243 gener,
1379 2155 1477 2223 111166
1493 2155 1586 2222 filius
1605 2156 1703 2223 cuius
1723 2155 1836 2224 frater
1851 2179 1883 2224 a.
1905 2159 1947 2226 51

286 2255 425 2343 legatus
447 2256 593 2342 legionis
615 2256 686 2325 1616
707 2259 879 2344 (11666666.
904 2259 1039 2327 adTau.
1064 2282 1143 2328 ann.
1161 2259 1243 2343 XII,
1266 2261 1323 2344 49)
1336 2259 1373 2344 ²),
1396 2259 1490 2326 Iunii
1511 2258 1687 2327 Mauricus
1712 2265 1747 2328 et
1770 2261 1947 2344 Rusticus,

279 2359 483 2429 Herennius
506 2360 656 2445 Senecio,
692 2386 835 2452 quorum
856 2385 985 2453 poenas
1008 2363 1115 2431 flebili
1138 2365 1294 2431 66661666
1315 2363 1459 2431 Tacitus
1482 2364 1669 2430 miseratur
1700 2364 1799 2451 (Agr.
1824 2365 1855 2432 3.
1879 2367 1946 2452 44).

286 2463 355 2532 Ille
378 2463 499 2532 consul
521 2465 589 2539 fuit
611 2466 742 2535 incerto
777 2489 874 2549 anuo,
916 2467 1065 2536 16666666
1099 2491 1129 2534 6.
1153 2469 1196 2534 87
1231 2468 1325 2555 (Α66.
1349 2467 1472 2535 Arval.
1497 2467 1547 2535 13.
1581 2465 1674 2558 Sept.
1700 2468 1736 2536 C.
1770 2469 1797 2535 I.
1821 2468 1862 2536 L.
1886 2469 1946 2554 VI,

284 2588 317 2654 6.
341 2567 407 2636 514
429 2618 437 2634 .
461 2619 469 2635 .
493 2618 502 2636 .
525 2567 705 2655 PRISCO)
728 2576 769 2638 ut
792 2570 939 2638 coniecit
959 2570 1189 2654 Mommaeaua,
1221 2571 1404 2656 (Hactenus
1427 2570 1468 2637 66
1490 2570 1600 2638 Μ6616
1624 2571 1741 2638 Ρ61666
1766 2573 1945 2660 cogitavit,

285 2670 376 2762 quod
392 2670 423 2738 si
436 2671 489 2738 ita
505 2677 567 2757 est,
591 2673 694 2741 solito
712 2673 809 2762 66166
828 2674 872 2740 66
887 2674 1169 2764 proconsulatum
1180 2674 1324 2742 Africae
1343 2673 1519 2763 pervenit)
1544 2679 1580 2741 et
1601 2680 1695 2741 certo
1714 2696 1736 2740 a
1747 2674 1947 2744 Domitiano

286 2779 424 2842 creatus
446 2781 568 2864 postea
582 2781 678 2845 metu
700 2783 892 2867 temporum
914 2779 951 2846 16
974 2801 1112 2846 6666666
1134 2786 1272 2867 egerat;
1296 2779 1333 2846 hi
1348 2777 1485 2846 Nervae
1509 2777 1582 2846 iere
1599 2779 1760 2869 aequales
1778 2780 1947 2870 amicique

285 2900 430 2968 quorum
449 2880 540 2948 alter
559 2903 604 2947 an
624 2881 697 2948 6116
716 2882 927 2969 magistratu
945 2888 1025 2972 post
1043 2890 1264 2973 quaesturam
1280 2883 1422 2950 functus
1438 2882 1486 2950 sit
1507 2906 1576 2950 non
1599 2887 1746 2950 constat.
1781 2883 1945 2950 Veterem

285 2988 477 3050 senatorem
499 2983 608 3052 161666
630 2990 777 3067 constat,
799 2985 935 3055 Nervae
956 2991 992 3054 et
1002 2987 1144 3054 Traiani
1164 2987 1328 3070 amicum;
1353 2992 1457 3075 atque
1478 2985 1546 3052 iam
1566 3007 1596 3051 a.
1616 2987 1659 3053 68
1680 2986 1817 3055 Nerone
1839 2987 1946 3076 inter·

284 3087 376 3156 fecto
398 3088 435 3154 in
464 3094 589 3156 senatu
611 3091 718 3157 verba
742 3085 840 3174 fecit,
876 3097 1040 3179 quaestor
1062 3092 1118 3160 vel
1147 3091 1264 3180 potius
1287 3090 1419 3174 aedilis,
1457 3095 1498 3157 ut
1521 3089 1613 3178 apud
1636 3089 1797 3158 Tacitum
1820 3093 1880 3182 qui
1904 3093 1946 3160 de

283 3191 370 3260 luxu
392 3192 549 3260 referunt
571 3196 663 3280 (ann.
675 3193 743 3276 HI,
754 3195 819 3279 52),
845 3195 887 3262 66
908 3195 1051 3264 libidine
1073 3196 1181 3284 plebis
1204 3199 1414 3284 conquestus
1437 3193 1544 3280 (Plut.
1569 3193 1669 3262 Galb.
1693 3196 1738 3278 8).
1774 3193 1944 3264 Rusticus

284 3295 321 3364 16
343 3303 510 3386 praetura
529 3297 699 3381 substitit,
719 3297 871 3381 Senecio,
894 3304 1076 3388 postquam
1093 3304 1256 3390 quaestor
1274 3298 1474 3388 provinciae
1490 3295 1654 3365 Baeticae
1677 3297 1756 3379 1616,
1781 3303 1945 3367 66666666

286 3422 468 3468 causarum
502 3407 670 3490 patronus
703 3401 849 3469 honores
879 3425 947 3491 non
976 3403 1088 3491 petiit
1136 3402 1263 3470 Omnes
1294 3399 1573 3489 philosophorum
1604 3399 1797 3468 doctrinam
1834 3403 1946 3469 secuti

285 3525 373 3593 quae
395 3504 525 3573 Seneca
547 3505 589 3572 de
611 3510 724 3594 tranq.
747 3505 852 3572 animi
874 3529 902 3573 c.
925 3505 946 3572 3
968 3511 1136 3585 suaserat,
1160 3507 1445 3573 observaverant:
1463 3507 1600 3586 porcius
1622 3525 1656 3570 66
1678 3508 1800 3572 tuamet
1821 3505 1946 3590 officiis

285 3618 314 3676 ct
337 3632 407 3676 cam
429 3611 547 3676 dilectu
567 3613 703 3676 16666166
725 3610 860 3693 aliquid,
901 3613 937 3676 ia
959 3633 1018 3694 qao
1044 3612 1137 3677 661116
1159 3614 1280 3678 civitati
1308 3613 1360 3676 sit.
1406 3609 1555 3674 Militare
1576 3629 1639 3674 666
1669 3609 1769 3675 lieet?
1811 3611 1946 3676 6666666

284 3723 401 3798 spectet
408 3740 419 3796 ,·
434 3717 565 3796 privato
588 3714 757 3780 visendum
779 3715 855 3781 cst?
870 3717 915 3799 fit
936 3722 1107 3781 orator...
1132 3716 1276 3780 scissia
1298 3714 1430 3797 afflicto
1451 3733 1486 3777 re
1502 3712 1638 3793 6661166
1660 3733 1728 3778 csse
1749 3715 1946 3781 occasionem

285 3822 424 3902 sapienti
452 3821 521 3887 ciro
544 3819 588 3885 cd
609 3841 644 3886 66
659 3818 898 3902 proferendum
920 3869 928 3884 .
954 3869 962 3885 .
987 3869 994 3900 ,
1013 3819 1205 3902 faciendum
1237 3820 1305 3899 erit,
1339 3820 1370 3882 si
1397 3820 1434 3882 in
1455 3816 1671 3896 reipublicae
1694 3822 1816 3898 6666666
1838 3820 1945 3883 minue

284 3923 436 3988 inciderit
454 3923 587 4004 utplus
610 3926 672 3989 otio
703 3943 740 3989 ac
768 3923 883 3990 litteris
912 3923 1062 3988 61661666.
1108 3921 1237 3988 Tamen
1262 3943 1376 3987 omnes
1407 3939 1478 3985 una
1509 3940 1536 3983 a
1561 3917 1604 3985 93
1626 3918 1758 3984 innoxii
1780 3918 1944 3986 futilibus

287 4025 488 4094 criminibus
512 4023 739 4092 circumventi
761 4025 949 4113 perierunt,
974 4024 1151 4092 Mauricus
1174 4025 1211 4090 in
1234 4023 1375 4090 exilium
1398 4027 1499 4089 actus
1524 4025 1586 4088 est.
1634 4020 1787 4103 Quorum
1814 4027 1943 4089 sectam

285 4130 400 4198 nescio
419 4151 464 4196 an
487 4129 599 4196 secuti
622 4127 694 4196 sint
704 4128 855 4196 Avidius
872 4128 1022 4211 Quietus
1030 4127 1205 4195 Thraseae
1220 4126 1405 4193 familiaris
1412 4127 1440 4209 3)
1464 4123 1566 4211 (Plin.
1581 4146 1632 4214 ep.
1643 4124 1705 4207 VI,
1720 4125 1785 4209 29),
1817 4123 1945 4190 Arrius

441 4337 463 4407 ¹)
483 4338 566 4400 Quam
584 4353 694 4404 parvam
712 4339 901 4391 difficultatem
919 4341 1000 4391 vocat
1023 4335 1189 4404 chdinplc
1206 4351 1232 4387 n.
1251 4337 1293 4398 89,
1320 4349 1416 4386 vereor
1434 4349 1468 4386 ne
1487 4335 1649 4398 gravissima
1667 4333 1712 4386 sit.
1738 4331 1855 4384 Acratus
1874 4335 1944 4385 enim

286 4441 344 4477 cum
362 4431 426 4493 post
443 4426 594 4478 incendium
612 4425 686 4475 urbis
699 4441 722 4476 a.
736 4425 770 4476 64
788 4427 901 4476 emissus
920 4426 958 4476 sit
968 4423 1044 4493 (Tac.
1054 4439 1115 4478 ann.
1128 4423 1184 4486 XV,
1194 4421 1249 4490 46),
1269 4421 1421 4473 Soranusa
1435 4421 1468 4472 62
1486 4434 1536 4486 pro
1551 4419 1658 4470 consuls
1670 4417 1752 4470 Asiae
1762 4419 1944 4482 Pergamenis,

286 4514 332 4578 qui
350 4513 425 4564 illurn
442 4513 606 4579 repulerunt,
624 4527 736 4578 parcere
754 4527 808 4564 666
825 4514 924 4579 666616.

438 4601 462 4668 ²)
482 4601 628 4666 Utmmque
647 4599 768 4652 66616616
787 4599 972 4652 Mommsenio
989 4599 1019 4648 16
1036 4595 1091 4648 iud.
1110 4595 1243 4646 Pliniana.

440 4686 464 4754 1)
483 4687 673 4738 Proconsulem
689 4685 772 4738 Asiae
790 4687 839 4738 sub
858 4687 1011 4738 Domitiano
1034 4684 1118 4735 fuisse
1136 4683 1216 4748 putat
1234 4677 1419 4732 6166666666
1442 4681 1471 4732 16
1489 4679 1578 4732 166166
1596 4679 1727 4742 Pliniana,
1752 4681 1870 4744 legatum
1894 4694 1944 4746 666

285 4776 412 4840 66666666
431 4774 555 4826 Galatiae
574 4773 690 4825 Traiano
709 4775 858 4840 imperante
883 4773 954 4824 idem
973 4773 1001 4824 C.
1021 4771 1091 4822 1.1..
1110 4771 1162 4831 III,
1181 4783 1207 4820 u.
1225 4768 1276 4818 666
1299 4771 1327 4818 66
1350 4767 1420 4818 hune
1445 4767 1615 4819 6611666166
1633 4766 1790 4829 Modestum,
1819 4781 1896 4834 quem
1914 4766 1944 4817 in

1735 4852 1769 4903 2*
